4082 6422
198 458 293 513 ϐΗ
1312 448 1376 501 IN
1420 447 1984 515 QUATRIDliANIT-M
2025 448 2252 505 LAZAR
2264 448 2385 504 l‘Jl.‘

253 1096 370 1162 AC
414 1096 523 1158 DE
562 1093 896 1158 SANCTIS
931 1089 1467 1154 MARTYRIBUS
1504 1089 1913 1163 DOMNINA,
1957 1075 2307 1149 BERNICE
2340 1081 2443 1146 ET
2477 1079 2904 1146 PROSDOCE
2950 1077 3443 1205 ADMONlTlO.

193 1515 516 1575 inaccessas
539 1514 712 1572 fuisse
750 1513 1024 1585 virgines;
1059 1510 1211 1584 quod
1235 1509 1426 1581 utique
1455 1509 1584 1566 licet
1603 1510 1834 1566 sileatur
1865 1510 1920 1566 in
1957 1509 2162 1580 priore,
2193 1505 2450 1577 congruit
2478 1512 2663 1559 tamen
2693 1518 2818 1558 cum
2849 1501 2929 1558 eis
2973 1517 3097 1573 qum
3147 1517 3302 1556 num.
3325 1501 3356 1556 7
3401 1501 3490 1558 di—

190 1640 400 1685 cuntur
426 1649 440 1685 :
469 1629 562 1685 ubi
596 1614 848 1700 quaerens
883 1626 1317 1698 Chrysostomus
1346 1638 1448 1680 cur
1483 1622 1756 1679 Domnina
1793 1621 2067 1694 judicium
2096 1619 2456 1692 praverterit,
2490 1629 2541 1676 et
2575 1627 2871 1689 antequam
2900 1624 3027 1671 ante
3056 1615 3299 1687 judicent
3329 1615 3494 1672 siste-

189 1757 353 1801 retur
389 1761 518 1802 cum
563 1744 780 1801 ﬁliabus
808 1758 930 1800 sese
963 1742 1020 1798 in
1045 1740 1247 1798 ﬂumen
1276 1739 1725 1813 praecipitaverit,
1753 1738 2047 1811 respondet
2075 1738 2128 1795 id
2164 1731 2386 1806 fecisse,
2434 1752 2503 1793 ne
2535 1735 2663 1808 quis
2695 1732 2936 1789 ﬁliarum
2982 1742 3360 1803 corrumperet
3385 1733 3496 1786 vir-

192 1869 486 1942 ginitatem
524 1887 538 1923 :
579 1884 691 1940 quo
740 1868 988 1924 innuitur
1013 1865 1257 1938 iudicem
1295 1879 1393 1920 seu
1427 1876 1722 1937 tyranuum
1757 1863 2042 1920 Domnina:
2078 1862 2299 1918 ﬁliabus
2330 1861 2647 1932 cupiditatis
2693 1860 2885 1916 oculos
2918 1859 3218 1930 adjecisse.
3245 1857 3322 1912 De
3354 1871 3503 1912 anno

194 1985 366 2056 hujus
405 1984 603 2040 habitat
628 1984 916 2040 concionis
943 1983 1076 2038 nihil
1101 1982 1284 2039 adhuc
1314 1981 1588 2054 expiscari
1621 1980 1929 2053 potuimus.

272 2139 412 2196 lluic
437 2138 503 2198 de
528 2140 733 2197 sanctis
770 2139 1092 2195 mulieribus
1142 2137 1388 2196 sermoni
1415 2139 1700 2210 praemittit.
1739 2129 2172 2211 Chrysostomus
2207 2136 2494 2195 concionis
2521 2137 2815 2208 praeterita:
2841 2136 3124 2207 reliquias,
3164 2136 3254 2190 ubi
3297 2133 3499 2207 quaesi-

199 2267 317 2314 tum
346 2257 526 2314 fuerat
545 2273 646 2314 cur
665 2257 908 2315 Joannes
935 2257 1090 2316 solus
1116 2257 1592 2330 Evangelistarum
1618 2259 1687 2315 de
1713 2256 1923 2312 Lazaro
1944 2256 2321 2327 quatriduano
2349 2255 2615 2329 loquutus
2644 2264 2795 2312 esset
2820 2272 2842 2321 ε⁵
2869 2264 3160 2324 postquam
3193 2266 3323 2308 vero
3352 2266 3494 2306 cau-

200 2389 320 2430 sam
357 2373 561 2441 attulit,
585 2373 656 2429 de
694 2353 911 2445 Lazaro
950 2390 1059 2430 non
1092 2388 1269 2446 pauca
1304 2373 1471 2430 solito
1502 2373 1643 2446 style
1679 2371 2062 2443 orationisque
2097 2384 2297 2443 genere
2331 2371 2577 2429 disserit.
2615 2369 2689 2426 Ex
2721 2378 2967 2441 tempore
3015 2377 3199 2425 autem
3241 2377 3498 2438 proauu-

201 2489 337 2544 tiata
370 2488 541 2545 fuisse
569 2488 786 2545 videtur
812 2487 928 2553 haec
954 2488 1174 2556 concio,
1207 2498 1270 2544 ut
1301 2497 1354 2545 et
1383 2490 1506 2545 alia:
1540 2505 1647 2546 non
1673 2504 1882 2559 paucae,
1921 2505 2046 2559 qua:
2065 2489 2215 2560 paris
2249 2497 2382 2544 sunt
2412 2487 2726 2544 brevitatis.

1737 2767 2010 2777 *ορ-...η
2025 2770 2043 2774 -
2049 2769 2152 2776 α--α

975 2989 1096 3073 IN
1140 2942 2126 3100 QUATRIDUANU’M
2167 2929 2773 3096 LAZARUM,

740 3172 821 3214 ιετ
864 3171 950 3216 ne
993 3172 1082 3215 ss.
1129 3171 1565 3227 narramus,
1614 3138 1931 3225 Donatus,
1977 3170 2252 3213 nenmcn
2299 3172 2379 3213 ar
2423 3171 2752 3218 paosnoc:
2797 3159 2926 3233 (rx).-

1543 3297 2168 3377 WCW

179 3432 189 3435 ﬁ
265 3449 370 3506 Cur
395 3409 736 3523 Evangelia“:
759 3466 858 3503 non
873 3449 1048 3504 eadem
1065 3465 1262 3520 scmper
1287 3464 1460 3502 omnes
1489 3447 1794 3501 describant.
1905 3442 2127 3512 scipulis
2156 3443 2356 3499 utilitas
2385 3453 2687 3514 promanet.
2737 3447 2900 3503 Multa
2933 3449 3001 3506 de
3037 3453 3288 3521 passione
3314 3471 3408 3513 sua
3432 3458 3526 3514 di-

192 3541 382 3598 Lazari
419 3544 719 3598 resurrectio
751 3540 938 3598 Christi
965 3542 1319 3597 resurrectioni
1359 3541 1515 3611 ﬁdem
1555 3542 1699 3613 facit.
1728 3569 1798 3580 ——

192 3631 394 3704 Nuper,
438 3633 652 3698 dilecti,
691 3633 934 3688 floridam
972 3633 1117 3689 veris
1160 3633 1176 3664 ¹
1216 3647 1472 3688 coronam
1515 3632 1667 3687 vobis
1705 3647 1802 3688 ue-

190 3735 400 3782 ctentes
418 3767 435 3792 ,
464 3735 518 3781 et
547 3727 672 3780 anni
721 3734 1093 3794 tempestatem
1119 3740 1220 3780 ceu
1248 3725 1300 3778 in
1331 3725 1506 3780 tabula
1535 3725 1801 3779 sermonis

192 3817 532 3873 delineantes
556 3858 570 3882 ,
614 3832 722 3875 non
757 3815 918 3872 modo
953 3832 1174 3872 nemora
1202 3817 1366 3871 ramis
1396 3824 1582 3870 ornata
1603 3857 1618 3882 ,
1647 3825 1800 3885 prata

195 3909 439 3966 ﬂorentia
478 3920 530 3966 et
579 3925 743 3966 auras
769 3910 836 3965 ad
865 3909 1030 3965 vitam
1072 3920 1393 3966 revocantes
1414 3909 1799 3976 exhibuimus;

1907 3536 2127 3606 scipulis
2155 3550 2300 3607 smpe
2316 3537 2571 3607 loquutus
2592 3538 2867 3608 Servator,
2889 3550 3164 3613 torpentes
3198 3546 3320 3603 illos
3340 3545 3520 3604 anim-

1909 3627 2230 3683 advertebat
2263 3670 2278 3696 ,
2324 3629 2394 3684 ob
2433 3630 2595 3686 talem
2624 3634 2988 3690 narrationem
3026 3637 3332 3708 horrentes,
3359 3651 3519 3713 atque

1912 3721 2240 3777 inﬁrmitatis
2278 3723 2456 3793 potius
2482 3764 2500 3792 ,
2523 3740 2685 3796 quam
2712 3728 3031 3784 oeconomiae
3055 3770 3069 3796 ,
3100 3735 3517 3801 pra‘nuntiatam

1911 3814 2216 3884 passionem
2261 3831 2384 3873 esse
2436 3818 2777 3889 suspicantes
2802 3863 2817 3888 ,
2848 3829 3034 3893 utpote
3064 3822 3314 3881 humanis
3343 3827 3520 3885 adhuc

1911 3906 2210 3963 ratiociniis
2253 3907 2483 3979 agitatos
2532 3924 2597 3965 ac
2643 3918 2958 3969 trementes.
3004 3914 3348 3989 Quapropter
3393 3935 3516 3977 cum

196 4003 291 4059 sed
325 4012 571 4059 ,κιαι-ειη,
596 4020 814 4077 quoque
842 4016 1082 4062 nosmm
1115 4007 1219 4062 hoc
1266 4017 1510 4077 tempore
1551 4023 1798 4064 resume-
1903 3997 2015 4068 jam
2047 3999 2272 4055 instaret
2295 4002 2560 4072 passionis
2588 4011 2818 4075 tempus,
2849 4016 2904 4063 et
2923 4005 3035 4077 jam
3053 4012 3353 4080 proximum
3373 4027 3520 4075 esset

199 4089 393 4150 ctionis
419 4096 661 4168 symbola
689 4105 900 4152 nactam
931 4097 1272 4154 ostendimus
1296 4115 1309 4151 :
1331 4106 1492 4170 atque
1516 4114 1802 4169 argumen-

200 4195 309 4240 tum
375 4189 601 4257 tempori
665 4203 967 4258 congruens
1026 4191 1399 4260 perquirentes
1428 4230 1445 4256 ,
1504 4190 1799 4246 redivivum

198 4277 458 4334 Lazarum
485 4282 822 4336 attraximus.
857 4281 1053 4339 Verum
1085 4298 1206 4338 cum
1239 4285 1499 4354 promissa
1527 4285 1804 4356 complere

197 4384 303 4424 non
336 4385 618 4440 possemus
647 4413 664 4440 ,
705 4373 758 4428 in
789 4376 962 4444 primo
989 4385 1187 4431 conatu
1217 4377 1478 4432 orationis
1508 4383 1799 4436 terminum

197 4464 514 4534 posuimus;
555 4456 619 4521 ac
660 4483 782 4522 cum
808 4468 980 4537 primo
1007 4469 1126 4525 loco
1152 4471 1590 4540 qumsivissemus
1609 4512 1625 4538 ,
1649 4487 1747 4528 cur
1771 4488 1803 4528 a

194 4555 406 4611 cmteris
431 4557 774 4628 evangelistis
803 4560 1198 4628 prietermissus
1237 4561 1494 4631 Lazarus,
1526 4579 1557 4617 a
1584 4563 1798 4620 Joanne

197 4646 313 4702 solo
341 4657 672 4705 memoratus
691 4648 881 4706 fuisset
903 4649 1091 4724 (Joan.
1127 4652 1186 4708 ll
1211 4650 1256 4724 ),
1280 4655 1747 4724 respondebamus
1777 4697 1794 4724 ,

197 4739 455 4810 Spiritum
481 4750 726 4796 sanctum
755 4784 770 4808 ,
809 4752 869 4798 ut
893 4746 1183 4800 commenti
1219 4747 1580 4816 suspicionem
1611 4749 1804 4819 praeci-

196 4830 388 4898 deret,
428 4833 747 4906 permisisse
791 4845 852 4890 ut
900 4837 1242 4907 evangelista!
1287 4855 1410 4910 quae
1439 4839 1506 4895 ad
1537 4841 1798 4898 miracula

194 4923 497 4980 Servatoris
539 4926 874 4996 pertinerent
915 4922 1340 4985 concordissime
1381 4930 1796 5000 describerent;

193 5029 415 5070 curasse
452 5023 630 5072 tamen
676 5025 736 5071 ut
777 5017 913 5073 alius
954 5019 1096 5074 aliud
1130 5021 1405 5091 quidpiam
1453 5024 1795 5092 praeteriret:

194 5106 338 5177 quod
379 5105 592 5178 signum
622 5117 768 5163 esset
787 5172 790 5174 η
809 5110 1153 5181 perspicuum
1183 5113 1328 5183 ipsos
1357 5129 1534 5185 neque
1563 5116 1758 5172 callide
1782 5159 1797 5184 ,

192 5197 485 5268 deditaquc
504 5213 670 5268 opera
695 5241 709 5264 ,
743 5216 917 5256 unove
946 5217 1214 5260 consensu
1241 5245 1257 5271 ,
1283 5219 1458 5275 neque
1482 5205 1550 5261 ad
1573 5207 1799 5277 gratiam

196 5288 484 5360 Evangelia
509 5291 796 5361 scripsisse
820 5335 835 5356 ,
865 5294 934 5346 ita
960 5303 1017 5349 ut
1038 5297 1218 5350 omnia
1244 5336 1261 5362 ,
1292 5312 1416 5352 cum
1442 5299 1715 5370 quidpiam
1744 5301 1800 5356 in

194 5378 377 5450 aliquo
405 5378 623 5436 deesset
649 5423 667 5447 ,
722 5382 1004 5438 veritatem
1051 5387 1168 5440 sine
1195 5385 1318 5443 fuco
1339 5387 1701 5445 declararent.
1729 5393 1800 5446 At

193 5484 316 5524 cum
351 5469 466 5525 haec
497 5479 670 5526 tunca
698 5473 855 5529 nobis
871 5475 1001 5530 satis
1026 5487 1348 5544 pertractata
1380 5478 1598 5544 fuerint,
1630 5482 1798 5553 inspi-

195 5562 400 5617 ciamus
426 5578 674 5634 quaenam
703 5580 768 5620 ex
808 5565 912 5622 hoc
936 5567 1078 5624 circa
1119 5567 1385 5626 Lazarum
1417 5571 1678 5628 miraculo
1711 5574 1795 5630 di-

257 5784 278 5848 ‘_
310 5780 505 5848 glauci.
532 5781 681 5847 legit,
704 5783 852 5843 actis,
878 5785 1009 5848 quod
1032 5787 1297 5838 absurdum
1324 5791 1534 5843 videtur.

258 5843 334 5902 (α)
367 5850 432 5893 ex
449 5843 620 5897 codice
640 5843 1012 5899 eminentissimi
1028 5850 1291 5904 cardinatis
1312 5855 1554 5904 Ottoboni.

1911 4099 1971 4146 ut
1997 4107 2130 4148 crux
2161 4092 2522 4164 deligeretur,
2563 4096 2825 4154 Lazarum
2858 4109 3130 4158 mortuum
3159 4106 3384 4160 suscitat
3411 4148 3427 4174 ,
3459 4117 3517 4162 ut

1909 4198 2074 4254 opere
2103 4184 2396 4258 discipulos
2424 4187 2639 4256 doceat,
2670 4206 2776 4245 non
2807 4191 3134 4249 infirmitatis
3158 4212 3280 4253 esse
3309 4201 3519 4269 passio-

1910 4292 2033 4332 nem
2063 4287 2120 4333 et
2156 4293 2414 4347 erucem;
2457 4290 2516 4336 ut
2541 4283 2900 4352 praesentibus
2925 4284 3085 4342 [idem
3123 4287 3324 4358 faciat,
3367 4306 3427 4346 se
3465 4300 3520 4348 et

1910 4370 2072 4425 morti
2102 4370 2368 4442 imperare
2390 4414 2407 4442 ,
2429 4382 2487 4430 et
2512 4377 2745 4432 terrenis
2765 4379 2991 4435 vinculis
3019 4380 3251 4437 solutam
3281 4385 3517 4441 animam

1910 4476 2169 4519 revocare
2195 4479 2213 4516 :
2234 4472 2395 4536 atque
2432 4468 2731 4522 secundum
2762 4471 2994 4539 aliquem
3041 4487 3262 4544 scopum
3293 4485 3520 4546 sponta-

1911 4567 2071 4608 neatn
2100 4564 2332 4610 mortem
2380 4572 2536 4612 suam
2587 4561 2878 4630 proponit,
2919 4561 3165 4634 forteque
3210 4565 3264 4621 in
3313 4567 3519 4626 Lazaro

1910 4660 2065 4702 suam
2093 4649 2224 4721 post
2246 4649 2483 4706 triduum
2513 4653 2964 4710 resurrectionem
2988 4657 3136 4725 prius
3157 4657 3434 4730 describit,
3455 4678 3518 4720 ac

1909 4735 1978 4793 de
2019 4738 2338 4796 brevissimo
2381 4742 2475 4797 illo
2517 4755 2760 4813 tempore
2784 4759 2892 4815 quo
2915 4746 3016 4800 sub
3039 4756 3180 4804 terra
3201 4761 3518 4810 versaturua

1909 4845 2026 4891 erat
2054 4835 2351 4892 imbecilles
2377 4835 2560 4892 animo
2581 4837 2926 4894 consolatur:
2958 4849 3118 4912 atque
3153 4842 3208 4897 in
3244 4846 3425 4901 crucis
3452 4847 3518 4902 li-

1911 4930 2058 4984 miue
2078 4929 2466 5000 discipulorum
2491 4939 2694 4985 metum
2722 4939 3022 5001 opportune
3048 4933 3228 5002 solvit,
3253 4935 3517 5010 docetque

1911 5035 1972 5074 se
2002 5020 2172 5086 illam,
2223 5036 2382 5091 quam
2413 5021 2567 5077 alteri
2597 5021 2872 5092 impertit,
2903 5023 3129 5093 gratiam
3174 5025 3276 5082 sibi
3318 5028 3416 5098 ipsi
3443 5031 3518 5084 fa-

1910 5114 2013 5168 cile
2066 5122 2472 5184 procuraturum
2528 5128 2653 5170 esse
2685 5131 2700 5170 :
2734 5115 2972 5186 ipsisque
3020 5119 3275 5187 operibus
3324 5120 3518 5182 dubios

1909 5206 2072 5260 animi
2117 5206 2579 5274 commonefacit,
2623 5207 2784 5264 rebus
2831 5209 3001 5280 gestis
3043 5226 3230 5268 vocem
3257 5215 3515 5291 quodam,

1908 5297 2073 5352 modo
2099 5298 2384 5370 adaptans,
2408 5297 2635 5370 ipsoque
2653 5297 2796 5355 facto
2824 5302 2904 5357 sic
2925 5317 3091 5373 prope
3116 5303 3378 5375 loquens:
3413 5309 3515 5362 As-

1906 5398 2179 5461 sumptam
2250 5390 2640 5446 humanitatem
2686 5392 2864 5447 divina
2919 5396 3236 5464 operatione
3292 5413 3516 5454 vacuam

1907 5496 2198 5552 numquam
2245 5482 2479 5554 reliqui;
2510 5498 2698 5539 verum
2736 5500 2881 5541 nunc
2928 5496 2986 5542 ut
3030 5486 3193 5545 homo
3220 5532 3237 5558 ,
3285 5507 3431 5547 nunc
3461 5503 3518 5548 ut

1910 5574 2071 5641 Deus,
2093 5590 2216 5630 cum
2243 5587 2487 5631 naturam
2517 5577 2864 5634 subindicans
2891 5621 2908 5647 ,
2938 5591 3050 5636 tum
3078 5585 3397 5640 oeconomia:
3443 5587 3509 5640 ll-

1907 5666 2032 5722 dcm
2063 5665 2266 5723 faciens
2290 5709 2304 5734 ,
2332 5668 2644 5742 timensque
2671 5672 2954 5727 humiliora
2980 5673 3047 5728 ad
3077 5675 3464 5733 humanitatem
3491 5722 3509 5747 ,

1909 5759 2220 5815 sublimiora
2250 5776 2380 5817 vero
2405 5761 2473 5817 ad
2503 5762 2838 5821 divinitatem
2870 5766 3144 5821 referenda
3173 5783 3293 5825 esse
3312 5809 3330 5838 ,
3354 5782 3514 5844 atque

1913 5866 2009 5920 per
2057 5852 2373 5923 inmqualcut
2429 5854 2568 5911 hanc
2605 5870 2829 5925 operum
2859 5859 3337 5928 tetnpcrationem,
3379 5867 3504 5920 ina:-
