4082 6448
582 419 683 483 643

577 572 787 630 quatem
817 559 1122 608 naturarum
1155 543 1402 599 unionem
1429 539 1784 606 interpretans
1804 576 1818 601 ,
1847 548 1909 588 ac
1932 547 2028 632 per
2058 545 2156 601 po-

580 628 824 707 testatem
875 644 930 697 in
975 639 1290 710 passiones,
1336 628 1665 685 voluntarias
1716 639 1836 680 esse
1887 628 2163 693 passiones

582 753 728 798 meas
754 736 1068 796 declarans;
1103 737 1160 782 ut
1207 725 1348 780 Deus
1394 737 1488 791 per
1520 717 1782 790 jejunium
1831 723 1886 769 et
1933 711 2162 766 inediam

581 825 930 901 quadraginta
979 821 1184 876 dierum
1223 822 1466 869 naturam
1510 807 1772 901 refrenavi
1799 822 1814 871 ;
1841 802 1961 901 sed“
1981 810 2163 901 postea

585 892 642 978 ut
670 892 830 977 homo
852 913 1168 983 defatigatus
1191 905 1387 963 esurivi
1410 923 1424 957 :
1455 903 1636 972 utique
1653 909 1710 952 ut
1725 899 1864 952 Deus
1883 892 2162 950 eﬂeratum

584 1029 728 1068 mare
758 1007 969 1072 scdavi;
1013 1015 1073 1058 ut
1119 1002 1280 1056 homo
1321 1013 1349 1051 a
1385 994 1600 1050 diabolo
1644 999 1875 1045 tentatus
1910 999 2028 1039 sum
2052 998 2080 1053 ι,
2105 990 2162 1036 ιιι

585 1106 727 1160 Deus
755 1103 1027 1157 daemonas
1055 1093 1276 1163 expuli;
1305 1099 1362 1143 ιιι
1393 1088 1555 1142 homo
1587 1098 1686 1166 pro
1717 1078 2021 1134 hominibus
2045 1090 2162 1130 sum

583 1208 872 1266 passurus:
898 1205 1076 1245 verum
1105 1180 1534 1254 nesuSpicemini
1582 1175 1631 1230 id
1668 1189 1762 1244 per
1799 1171 2160 1226 inﬁrmitatem

582 1261 824 1344 accidere
845 1325 859 1350 ,
891 1283 1197 1353 priusquam
1230 1290 1374 1330 mors
1400 1268 1683 1332 adveniat,
1715 1281 1742 1317 a
1774 1271 1947 1321 morte
1975 1261 2166 1353 deten-

582 1390 692 1434 tmn
733 1376 798 1430 ad
839 1350 1003 1429 vitam
1041 1382 1270 1425 revoco:
1298 1380 1361 1420 ac
1404 1370 1520 1433 post
1541 1373 1679 1432 tuam
1727 1353 2018 1409 divinitatis
2059 1350 2166 1403 vim

581 1471 1056 1540 operationemque
1074 1458 1360 1519 declaravi,
1385 1464 1511 1509 tunc
1533 1447 1874 1504 humanitatis
1889 1444 2164 1513 antiquum

581 1537 822 1617 tlebitum
859 1559 1103 1626 depono;
1131 1559 1405 1622 postquam
1425 1543 1630 1597 vincula
1653 1539 1810 1606 solvi,
1839 1547 1962 1592 tunc
1981 1537 2168 1590 vincu-

584 1655 647 1707 lis
673 1653 864 1720 alligor
889 1667 901 1701 :
935 1644 1092 1714 atque
1118 1642 1277 1697 rebus
1308 1637 1436 1707 ipsis
1457 1635 1788 1698 demonstro,
1823 1644 1908 1684 me
1936 1634 2188 1710 potestas

495 1801 560 1816 ,π
585 1757 694 1801 tem
736 1743 933 1797 habere
978 1735 1209 1808 ponendi
1247 1733 1478 1786 animam
1527 1741 1701 1782 meam
1734 1767 1748 1790 ,
1772 1733 1825 1778 et
1853 1731 2169 1792 potestatem

585 1837 782 1891 habere
808 1833 996 1888 iterum
1021 1813 1262 1885 sumendi
1295 1839 1410 1879 eam
1441 1820 1632 1892 (Joau.
1659 1818 1743 1872 10.
1776 1815 1840 1869 l8
1861 1815 1903 1886 ).
1940 1815 2061 1866 llmc
2089 1819 2173 1865 est

584 1925 884 1983 Servatoris
913 1920 1151 1976 doctrina
1178 1917 1304 1988 ipsis
1331 1912 1581 1982 operibus
1611 1907 1842 1962 exhibita
1867 1921 1880 1958 :
1907 1903 2006 1957 nisi
2028 1901 2172 1957 enim

587 2020 688 2075 hoc
717 2024 880 2080 esset,
909 2028 971 2068 ac
1007 2012 1107 2066 nisi
1142 2007 1370 2079 quadam
1422 2002 1628 2058 ratione
1672 2014 1826 2054 suum
1869 1997 1920 2048 in
1968 1995 2173 2048 Lazaro

585 2110 898 2166 miraculum
944 2104 1353 2165 concinnasset,
1385 2109 1720 2166 nequaquam
1755 2090 1992 2145 nuntiata
2032 2085 2168 2150 sibi,

585 2204 712 2259 dum
743 2203 843 2256 iter
867 2205 1082 2269 ageret,
1119 2191 1303 2248 Lazari
1333 2187 1675 2244 inﬁrmitate:
1710 2183 1960 2237 Miserum
1986 2178 2128 2234 enim
2155 2216 2170 2241 ,

587 2296 678 2358 ait,
701 2308 896 2347 sorores
913 2291 1020 2360 ejus
1042 2288 1109 2338 ad
1132 2283 1428 2342 Dominum,
1449 2279 1689 2340 dicentes,
1715 2273 1847 2327 Ecce
1862 2287 2008 2344 quem
2033 2286 2175 2323 antas

588 2386 880 2454 infirmatur
908 2378 1084 2450 (Joan.
1113 2377 1200 2430 ll.
1234 2372 1318 2445 5);
1362 2382 1694 2440 nequaquam
1723 2380 1852 2420 sane
1897 2370 2015 2434 post
2039 2376 2170 2454 nun.

589 2452 720 2533 tium
764 2470 1068 2544 huiusmodi
1096 2477 1374 2522 cunctatus
1399 2470 1543 2517 esset
1566 2477 1582 2526 ;
1611 2458 1703 2514 sed
1726 2452 2172 2527 quemadmodum

588 2584 712 2638 erga
738 2567 1102 2623 centurionem
1139 2570 1193 2615 et
1220 2555 1686 2628 Serpbmnissam
1727 2565 1785 2605 se
1814 2549 1977 2620 gessit
2007 2590 2021 2614 ,
2055 2562 2175 2601 cum

589 2662 732 2718 illius
753 2656 989 2712 absentis
1021 2653 1184 2707 ﬁlium
1206 2691 1220 2716 ,
1251 2657 1308 2704 et
1339 2647 1493 2718 hujus
1521 2645 1720 2716 pariter
1752 2642 1986 2696 absentis
2016 2639 2174 2692 ﬁliam

589 2752 833 2809 sanavit:
865 2750 942 2804 sic
979 2757 1034 2802 et
1082 2759 1206 2815 erga
1257 2740 1513 2796 lllartham
1561 2737 1740 2791 fratris
1768 2734 2010 2788 morbum
2038 2731 2178 2785 indi-

590 2855 798 2903 cantem
842 2858 902 2898 se
943 2840 1218 2911 gessisset.
1255 2835 1404 2890 Nunc.
1430 2847 1561 2885 vero
1611 2829 1676 2884 de
1719 2826 1978 2882 industria
2007 2824 2178 2879 donec

592 2939 850 2994 moriatur
878 2937 1169 3002 exspectat,
1199 2928 1257 2982 ﬁt
1283 2940 1429 2980 mora
1455 2923 1685 2992 longior,
1715 2929 1767 2974 et
1793 2934 1858 2974 ex
1887 2916 2180 2987 providen-

594 3033 666 3087 tia
689 3028 972 3084 adventum
1012 3039 1168 3080 suum
1211 3019 1390 3076 dtﬂ'ert
1418 3059 1434 3085 ,
1483 3023 1541 3070 ut
1583 3013 1858 3069 victoriam
1898 3011 1965 3065 de
2006 3019 2180 3064 morte

594 3130 916 3194 reportatam
968 3117 1052 3172 vel
1082 3123 1207 3168 ante
1244 3109 1436 3166 mortis
1477 3115 1748 3161 certamen
1778 3101 2053 3158 ostendat:
2079 3101 2181 3194 tri-

595 3193 798 3286 busque
821 3212 1009 3267 dielms
1039 3215 1305 3268 moratur,
1337 3209 1395 3257 ut
1424 3200 1611 3255 mortis
1639 3198 1834 3251 veritas
1863 3195 2034 3286 palam
2069 3193 2180 3247 ﬁat.

593 3285 794 3366 Judmis
819 3319 946 3358 vero
967 3296 1320 3370 pnesentibus
1349 3291 1543 3363 aperiri
1570 3289 1870 3358 sepulcrum
1905 3285 2097 3355 jubet,
2129 3293 2186 3338 ut

595 3410 762 3455 testes
802 3392 1041 3450 miraculi
1087 3388 1334 3445 redderet
1363 3398 1494 3447 eos,
1537 3381 1623 3451 qui
1663 3396 1720 3435 se
1753 3379 2055 3448 pellebant:
2090 3390 2186 3445 per

595 3490 892 3546 orationem
938 3491 1116 3538 autem
1167 3489 1219 3535 et
1266 3477 1437 3532 Patris
1488 3471 1877 3528 invocationem
1922 3467 2182 3523 Lazarum

597 3584 863 3646 suscitat,
910 3593 979 3632 ne
1011 3574 1281 3629 videretur
1307 3566 1578 3624 Creatoris
1616 3563 1822 3634 legibus
1865 3575 2182 3630 repugnare.

601 3680 678 3732 Ac
707 3671 827 3727 vide
853 3668 980 3724 mihi
1013 3681 1125 3720 rem
1153 3664 1307 3732 plane
1333 3655 1651 3726 stupendam
1681 3671 1696 3709 :
1726 3669 1832 3708 non
1869 3651 2003 3706 dixit
2025 3691 2040 3714 ,
2079 3649 2184 3704 La-

601 3781 724 3821 zare
746 3804 760 3827 ,
781 3759 1078 3821 revivisce;
1111 3752 1205 3808 sed
1230 3751 1354 3821 quid
1377 3749 1400 3803 Ἰ
1424 3747 1622 3800 Lazare
1652 3786 1666 3808 ,
1699 3744 1808 3797 veni
1826 3740 2001 3812 foras(
2025 3739 2184 3794 Joan.

603 3857 692 3912 ll.
722 3852 813 3925 45)
847 3868 861 3916 ;
892 3859 949 3904 ιιι
975 3847 1195 3903 doceret
1226 3849 1515 3913 prmsentes
1535 3879 1550 3903 ,
1575 3837 1746 3907 ipsum
1778 3849 1909 3925 esse
1924 3833 2013 3902 qui
2036 3841 2190 3887 vocat

602 3963 664 4002 ca
697 3923 816 4016 ιιιιὼ
837 3958 943 3996 non
966 3948 1110 4002 sunt,
1139 3944 1195 3990 ut
1224 3949 1284 3988 ea
1307 3947 1425 4002 quae
1450 3940 1573 3984 sunt
1598 3944 1612 3992 ;
1646 3934 1704 3980 ut
1727 3923 2034 3980 ostenderet
2057 3937 2192 3992 prae-

605 4037 849 4095 sentibus
869 4075 885 4100 ,
915 4033 1088 4102 ipsum
1111 4040 1229 4081 esse
1261 4025 1427 4078 Deum
1459 4021 1700 4073 vivorum
1727 4026 1779 4071 et
1810 4030 1916 4068 non
1947 4023 2190 4068 mortuo-

607 4145 763 4193 rum;
796 4135 854 4182 ut
892 4124 1286 4179 demonstraret
1325 4113 1562 4169 divinum
1603 4118 1928 4180 praeceptum
1972 4123 2004 4160 a
2047 4105 2194 4160 nullo

609 4238 769 4295 posse
793 4218 943 4274 obice
969 4212 1200 4276 tardari,
1222 4207 1490 4277 simulque
1520 4202 1870 4274 prmsentibus
1898 4200 1952 4253 in
1995 4213 2196 4254 memo-

611 4291 742 4371 riam
784 4313 1063 4365 revocaret
1081 4317 1203 4358 eum
1233 4298 1324 4371 qui
1353 4296 1600 4352 dicebat:
1641 4291 1762 4346 Fiat
1804 4292 2198 4361 [irritamentum

613 4408 986 4476 Congregentur
999 4409 1147 4466 aqua
1161 4394 1211 4446 in
1234 4389 1572 4445 collectionem
1593 4402 1764 4440 unam.
1789 4382 2044 4438 Germinet
2066 4391 2202 4476 terra

615 4474 818 4552 herbam
858 4489 1000 4560 fruiti.
1033 4485 1265 4540 Educant
1303 4495 1451 4552 aqua
1495 4477 1697 4548 reptilia
1722 4476 2010 4530 animarum
2034 4474 2204 4528 uiuen-

616 4592 743 4642 tium
821 4561 1979 4660 (Gen.l.6.9.ll.%0).Lazare,ueniforas~:
2026 4566 2204 4622 ethoc

617 4680 685 4735 ad
719 4658 976 4746 majorem
1021 4678 1076 4725 et
1114 4667 1404 4723 ﬁrmiorem
1430 4661 1864 4718 concurrentium
1893 4658 2052 4714 ﬁdem
2085 4699 2102 4725 ,
2146 4666 2206 4712 ut

621 4769 834 4825 habitus
858 4773 912 4819 et
932 4761 1109 4818 fascia:
1137 4767 1365 4813 mortem
1393 4751 1806 4808 testiﬁcarentur
1828 4791 1843 4814 ,
1874 4760 2033 4820 atque
2071 4749 2206 4804 obe-

622 4860 822 4919 dientia
848 4857 965 4912 sine
987 4867 1155 4916 mora,
1189 4857 1470 4917 metusque
1497 4861 1528 4899 a
1554 4844 1702 4898 nullo
1725 4843 1994 4898 cohibitus
2021 4841 2206 4897 Domi-

625 4956 798 5011 nicam
828 4946 1195 5003 auctoritatem
1223 4938 1591 5010 praedicarent.
1638 4933 1838 4988 Lazare
1860 4976 1873 4994 ,
1896 4935 2010 4988 ueni
2039 4937 2210 5004 foras:

624 5057 679 5103 et
702 5044 909 5100 solutus
928 5036 1250 5106 erigebatur,
1278 5041 1333 5087 et
1364 5029 1609 5101 putridus
1635 5029 1901 5083 sentiebat
1925 5069 1940 5095 ,
1970 5037 2212 5082 mortuus

625 5135 911 5194 obediebat
938 5171 954 5196 ,
986 5128 1197 5182 vinctus
1221 5122 1507 5187 currebat,
1537 5119 1627 5190 qui
1649 5118 1947 5174 deﬂebatur
1963 5119 2209 5174 saltabat.

627 5230 737 5285 Cur
763 5225 1002 5280 clamore
1041 5231 1182 5272 nunc
1215 5215 1381 5270 utitur
1404 5209 1697 5267 Servatur?
1719 5211 1794 5265 ait
1819 5211 2016 5280 quippe
2044 5224 2214 5264 evan-

631 5319 819 5389 gelista
847 5328 864 5369 :
894 5310 1020 5366 Hac
1048 5325 1163 5363 cum
1193 5306 1421 5369 dixisset,
1444 5319 1568 5378 εσσε
1585 5318 1772 5373 magna
1801 5301 2038 5356 clamavit
2060 5343 2076 5368 ,
2107 5298 2216 5354 La-

635 5429 770 5480 zare,
792 5411 903 5465 veni
935 5411 1073 5480 foras
1101 5402 1298 5475 (Joan.
1327 5401 1414 5455 Η.
1446 5396 1574 5468 45).
1608 5397 1770 5452 Forte
1802 5410 1896 5465 per
1925 5395 2215 5450 clamorem

637 5509 866 5562 futuram
897 5499 1347 5558 resurrectionem
1393 5491 1776 5548 subiudicavit:
1811 5504 1931 5543 nam
1967 5487 2106 5542 Tuba
2134 5504 2221 5542 ca-

647 5610 749 5663 net,
778 5597 964 5667 inquit,
997 5603 1042 5646 et
1063 5591 1246 5645 mortui
1275 5595 1535 5656 resurgent
1565 5584 1655 5656 (l.
1677 5583 1796 5638 Cor.
1829 5584 1915 5637 15.
1945 5582 2058 5654 52).
2089 5581 2220 5637 Cum

641 5689 805 5745 multa
843 5687 972 5742 mihi
1004 5684 1072 5739 de
1096 5683 1197 5738 hoc
1226 5687 1536 5750 argumento
1567 5675 1787 5732 dicenda
1815 5682 2133 5744 suppetant,
2157 5674 2223 5728 ad

645 5780 785 5836 aliud
801 5776 1094 5848 pertrahor,
1109 5785 1160 5830 et
1173 5791 1199 5828 a
1216 5773 1456 5837 sepulcro
1469 5769 1518 5824 in
1535 5768 1834 5838 sepulcrum
1850 5766 2028 5820 venire
2043 5780 2222 5835 cogor.

721 5871 969 5936 Loquitur
1010 5869 1071 5922 de
1117 5866 1221 5925 SS.
1263 5860 1587 5931 Martyribus
1619 5859 1901 5928 ()onmina,
1936 5855 2143 5911 Bernice
2181 5868 2226 5910 et

1339 404 1392 461 S.
1436 398 1709 459 JOANNIS
1739 390 2220 454 ‘CIIRYBOSTOMI
2260 387 2574 448 ARCHlEl‘.
2615 386 3141 445 CONSTANTINOP.

3758 388 3851 445 Gil

2271 528 2545 584 Prosdoce.
2575 560 2646 570 -—
2669 531 3037 600 Opportunum
3065 539 3148 584 est
3172 528 3357 585 Lazari
3404 533 3708 602 sepulcrum
3735 551 3848 588 cum

2269 621 2385 672 aliis
2427 621 2684 689 sepulcris
2713 630 3081 690 comparatum
3115 638 3129 684 ;
3164 637 3334 690 neque
3379 623 3730 692 inopportuno
3753 667 3767 687 ,
3800 639 3852 678 ut

2269 708 2501 775 videtur,
2527 719 2611 764 est
2633 724 2777 763 mors
2801 710 3083 764 mulierum
3110 710 3176 765 ad
3201 711 3370 780 ipsum
3398 713 3697 782 sepulcrum
3724 715 3856 768 cele-

2272 801 2441 856 brata.
2473 804 2581 858 Illic
2609 804 2932 872 sepulcrum,
2966 813 3020 858 et
3049 804 3133 858 hic
3159 821 3370 874 quoque
3397 807 3740 874 sepulcrum;
3767 809 3856 860 sed

2272 892 2459 948 Lazari
2486 894 2787 964 sepulcrum
2807 903 3048 964 apertum
3074 896 3269 949 Christi
3292 896 3585 964 potentiam
3605 897 3854 962 declarat,

2272 985 2557 1038 mulierum
2584 999 2708 1039 vero
2729 985 3032 1054 sepulcrum
3065 985 3302 1039 clausum
3331 995 3383 1040 et
3411 997 3588 1040 tamen
3613 1003 3857 1056 operans,

2272 1074 2469 1129 Christi
2500 1076 2722 1143 gratiam
2770 1076 3025 1144 praedicat
3055 1093 3069 1129 :
3104 1077 3212 1130 illic
3244 1085 3482 1131 mortuus
3513 1093 3678 1147 supra
3714 1089 3862 1132 natu-

2274 1181 2389 1220 tam
2417 1181 2485 1220 ex
2514 1166 2762 1236 sepulcro
2791 1169 2976 1234 currit,
3009 1167 3094 1223 hic
3124 1169 3375 1222 mulieres
3406 1178 3600 1238 praeter
3626 1179 3862 1225 naturam

2274 1257 2341 1311 ad
2367 1259 2612 1326 sepulcra
2638 1269 2922 1313 accurrunt
2952 1276 2966 1312 :
3001 1258 3105 1312 illic
3133 1258 3327 1312 divina:
3355 1260 3608 1328 potentite
3638 1261 3864 1329 signum,

2275 1347 2363 1402 hic
2406 1349 2651 1418 generosi
2700 1349 2863 1402 animi
2914 1358 3284 1418 argumentum
3324 1367 3336 1402 :
3371 1351 3478 1404 illic
3523 1349 3764 1404 Lazarus
3805 1367 3866 1405 es

2277 1443 2444 1511 portis
2480 1442 2668 1495 mortis
2709 1440 3014 1510 egreditur,
3050 1440 3134 1494 hic
3167 1440 3455 1496 femineum
3486 1444 3673 1511 genus‘
3695 1453 3870 1512 portas

2276 1535 2467 1587 mortis
2493 1534 2747 1588 audacter
2775 1532 2885 1586 adit
2913 1550 2926 1583 :
2959 1532 3069 1587 illic
3095 1542 3218 1602 post
3257 1543 3479 1586 mortem
3513 1533 3838 1588 resurrectio
3857 1575 3871 1596 ,

2277 1624 2364 1679 hic
2392 1625 2496 1679 vita
2528 1643 2540 1677 :
2573 1625 2681 1680 illic
2703 1639 2848 1681 mors
2871 1625 3132 1679 violenter
3161 1623 3424 1692 prmdatur
3444 1664 3462 1690 ,
3489 1626 3576 1679 hic
3604 1640 3752 1679 mors
3781 1640 3874 1696 pa-

2279 1719 2384 1772 lam
2407 1718 2681 1771 calcatur:
2716 1718 2864 1770 illum
2890 1732 3036 1770 mors
3059 1727 3242 1771 mutuo
3273 1725 3547 1786 acceptum
3580 1718 3705 1772 vita:
3729 1717 3874 1772 festi-

2283 1817 2472 1863 nantcr
2493 1808 2766 1873 restituit;
2802 1809 2909 1862 imo
2941 1810 3148 1877 potius,
3179 1809 3510 1879 Acceperunt,
3542 1809 3739 1880 inquit,
3765 1827 3874 1863 mu-

2281 1902 2423 1954 lieres
2453 1901 2514 1954 de
2537 1902 2899 1954 resurrectione
2925 1911 3148 1955 mortuos
3175 1919 3292 1955 suos
3326 1901 3505 1973 (Hebr.
3539 1905 3630 1958 Η.
3663 1902 3776 1975 55),
3811 1905 3874 1957 ita

2274 1991 2497 2060 jubente
2524 1992 2634 2045 Deo
2659 2009 2673 2057 ;
2716 1992 2797 2044 hm
2827 2006 2957 2046 vero
2982 2007 3045 2046 ex
3092 2001 3436 2062 temporanca
3480 1994 3587 2046 vita
3616 1995 3686 2048 ad
3718 1999 3874 2048 vitam

2281 2093 2592 2152 perpetuam
2626 2084 3011 2148 transilierunt,
3048 2096 3217 2139 mater
3245 2093 3299 2138 et
3330 2085 3474 2150 ﬁlim,
3506 2101 3632 2155 quae
3663 2102 3762 2141 nos
3789 2087 3878 2140 ho-

2281 2174 2366 2228 die
2389 2185 2844 2243 congregaverunt
2868 2192 2880 2227 :
2905 2186 3079 2230 mater
3101 2177 3205 2246 pia,
3230 2192 3347 2246 qua:
3371 2187 3582 2244 partum
3605 2179 3875 2239 sustinuit,

2283 2277 2334 2322 et
2363 2268 2484 2323 ﬁlia:
2515 2277 2702 2338 partus
2725 2280 2974 2339 expertes
3004 2287 3016 2322 :
3051 2281 3219 2324 mater
3238 2286 3357 2340 qure
3382 2272 3746 2340 virginitatem
3770 2272 3876 2327 sol-

2285 2362 2357 2414 vit
2385 2362 2450 2414 ad
2485 2373 2693 2431 partum
2732 2362 3018 2432 virginum,
3053 2373 3222 2417 mater
3251 2380 3370 2432 qua:
3395 2365 3698 2419 castitatem
3729 2381 3880 2435 pepe-

2284 2457 2386 2520 rit,
2419 2465 2592 2510 mater
2621 2470 2740 2524 qua:
2770 2455 3064 2510 secundum
3108 2458 3277 2524 legem
3311 2458 3609 2511 naturalem
3653 2458 3878 2526 virgines

2283 2548 2438 2601 enixa
2460 2556 2562 2602 est.
2591 2546 2691 2612 Qui
2721 2547 2821 2616 piis
2848 2547 3043 2617 ubique
3067 2547 3268 2601 bellum
3299 2548 3457 2602 infert
3487 2559 3770 2620 tyrannus,
3795 2550 3876 2618 qui

2287 2639 2560 2694 barbarica
2591 2639 2736 2694 crede
2780 2641 2831 2693 in
2869 2640 3246 2694 contribulium
3288 2642 3604 2709 sanguinem
3646 2641 3877 2711 gladium

2285 2730 2581 2795 convertit;
2623 2740 2880 2801 tyrannus
2911 2730 3002 2784 ille
3031 2733 3118 2800 qui
3164 2729 3434 2785 Christum
3461 2773 3476 2797 ,
3509 2747 3674 2801 quem
3708 2733 3881 2801 nequit

2287 2820 2491 2881 videre,
2526 2822 2902 2890 persequitur;
2936 2831 3189 2892 tyrannus
3223 2824 3310 2890 qui
3342 2837 3435 2890 per
3458 2823 3600 2877 ovile
3629 2838 3689 2878 se
3715 2836 3886 2892 pasno-

2287 2927 2400 2966 rem
2436 2911 2607 2980 ipsum
2652 2911 2952 2981 depraedari
2996 2926 3152 2980 posse
3194 2911 3458 2977 conﬁdit;
3502 2922 3764 2983 tyrannus
3796 2914 3878 2982 qui

2287 3013 2473 3059 contra
2501 3003 2691 3058 etelum
2719 3003 2943 3073 jaculari
2976 3011 3164 3070 tentat,
3194 3003 3282 3073 qui
3309 3003 3532 3059 dilatato
3557 3003 3763 3060 Christi
3791 3020 3877 3060 re-

2288 3109 2394 3165 gno
2434 3094 2635 3149 invidet
2672 3102 2974 3166 :tyrannus
3002 3103 3118 3149 erat
3162 3095 3208 3149 is
3252 3096 3340 3164 qui
3386 3097 3810 3166 persequebatur
3835 3105 3884 3150 et

2291 3185 2489 3240 cmlebs
2512 3226 2526 3248 ,
2551 3186 2838 3240 inaccessa:
2874 3200 3002 3240 vero
3027 3185 3264 3256 virgines
3289 3227 3302 3250 ,
3334 3202 3453 3254 qua:
3486 3187 3880 3242 eoneertabant.

2292 3277 2538 3332 Pecunia:
2563 3277 2974 3347 diripiebantur,
3002 3277 3172 3348 patria
3201 3277 3602 3347 relinquebatur
3632 3297 3646 3333 :
3675 3294 3769 3334 eas
3797 3293 3887 3348 pu-

2293 3369 2486 3423 dicitia:
2517 3378 2571 3422 et
2607 3368 2886 3423 modestiae
2913 3377 3154 3422 amantes
3185 3367 3466 3422 trahebant
3491 3370 3692 3425 milites
3714 3411 3731 3436 ,
3773 3385 3887 3423 mu-

2295 3479 2475 3519 rerum
2521 3465 2806 3520 eﬂ'ossorcs
2825 3504 2842 3531 ,
2886 3464 2974 3534 qui
3001 3463 3540 3518 Nabuchodonosoris
3571 3463 3888 3531 imaginem,

2295 3556 2590 3611 secundum
2639 3556 2966 3627 intelligendi
3011 3557 3272 3612 rationem
3299 3597 3313 3622 ,
3358 3555 3585 3610 adorare
3633 3555 3893 3625 cogebant

2296 3646 2475 3718 (Dan.
2507 3646 2601 3718 5).
2631 3648 2736 3702 Sed
2764 3647 2907 3718 quod
2949 3647 3270 3719 Babylonica
3312 3645 3499 3701 fornax
3531 3661 3656 3717 erga
3689 3654 3891 3716 marty-

2295 3753 2414 3793 rum
2439 3737 2581 3791 illam
2608 3736 2832 3793 triadem
2858 3737 3057 3804 eﬂ'ccit,
3090 3739 3174 3792 hic
3198 3753 3410 3808 quoque
3434 3740 3680 3808 corporis
3702 3748 3758 3794 et
3779 3738 3892 3791 ani-

2297 3843 2400 3883 mze
2430 3827 2640 3882 vincula
2671 3829 2912 3893 solvens,
2945 3828 3153 3882 animas
3179 3828 3376 3882 liberas
3402 3839 3462 3882 ut
3487 3828 3552 3882 ad
3580 3829 3774 3882 caelum
3807 3843 3895 3882 vo-

2297 3922 2471 3977 larent
2494 3921 2714 3975 dimisit.
2746 3921 2879 3976 Rem
2920 3919 3158 3990 suscepit
3182 3934 3405 3989 serpens
3445 3919 3536 3974 ille
3557 3959 3574 3984 ,
3610 3920 3701 3990 qui
3735 3919 3894 3974 Evam

2301 4012 2354 4067 in
2382 4010 2628 4082 paradiso
2649 4019 3004 4081 persequutus
3024 4020 3126 4077 est,
3151 4011 3240 4080 qui
3267 4010 3538 4080 simplices
3560 4010 3896 4066 innocentes-

2302 4120 2406 4174 que
2427 4118 2605 4159 mores
2633 4103 2986 4159 circumvenit
3016 4121 3030 4158 :
3063 4103 3148 4157 hic
3176 4117 3297 4158 cum
3328 4102 3544 4158 ﬂuvium
3571 4112 3820 4158 cerneret
3843 4102 3893 4156 in

2306 4195 2504 4250 lavacri
2550 4195 2807 4265 piscinam
2850 4209 3085 4259 versum,
3131 4201 3188 4249 et
3225 4193 3438 4249 alveum
3478 4193 3661 4248 divino
3703 4193 3896 4262 Spiritu

2308 4285 2602 4358 perfusum,
2633 4301 2802 4356 usque
2825 4286 2894 4341 ad
2924 4287 3096 4357 ipsum
3127 4285 3344 4341 ﬂuvium
3370 4285 3555 4340 beatas
3581 4284 3701 4340 illas
3723 4298 3898 4356 perse-

2307 4391 2502 4453 quutus
2522 4422 2537 4447 ,
2568 4381 2635 4436 ab
2663 4381 2816 4451 aquis
2842 4379 2947 4435 illis
2987 4394 3109 4433 cum
3146 4379 3271 4449 igne
3310 4377 3571 4447 spirituali
3596 4376 3899 4432 commixtis

2309 4478 2556 4550 repulsus
2594 4485 2710 4542 est;
2754 4483 2916 4544 atque
2959 4473 3151 4527 fastum
3189 4487 3346 4527 suum
3374 4472 3552 4526 animo
3580 4472 3862 4526 revolvens
3885 4511 3899 4535 ,

2314 4582 2553 4629 veterum
2581 4568 2945 4624 machinarum
2974 4580 3190 4620 suarum
3218 4579 3402 4620 casum
3423 4563 3740 4634 deplorabat
3770 4580 3784 4617 :
3812 4563 3900 4618 [ει.

2313 4665 2463 4721 laciis
2483 4671 2815 4736 opportunas
2843 4659 3323 4729 formidolosasque
3344 4658 3473 4712 olim
3502 4658 3775 4726 mulieres,
3795 4657 3900 4726 jam

2315 4759 2567 4813 audacter
2585 4764 2773 4811 contra
2800 4763 3028 4808 mortem
3058 4752 3396 4807 decertantes
3420 4751 3692 4816 cernebat,
3723 4761 3776 4807 et
3799 4748 3902 4804 cal-

2315 4841 2561 4914 caneum',
2591 4860 2752 4917 quem
2781 4843 3126 4914 supplantare
3145 4843 3393 4910 volebat,
3421 4851 3614 4898 atem
3639 4842 3693 4897 in
3717 4841 3900 4898 catlum

2319 4940 2640 4996 insilientem
2665 4937 2899 4993 videbat.
2924 4934 3119 4992 Verum
3150 4945 3429 5006 postquam
3463 4945 3665 5005 tropaea
3690 4943 3906 5007 gestan-

2320 5031 2449 5086 tium
2480 5030 2761 5085 mulierum
2801 5027 2990 5082 laudes
3030 5035 3113 5080 sat
3151 5027 3462 5097 prosequuti
3502 5041 3720 5094 sumus,
3752 5035 3904 5096 atque

2320 5131 2636 5195 argumento
2662 5120 2813 5176 utilia
2843 5117 3068 5173 subinde
3094 5115 3476 5173 admiscuimus
3494 5158 3510 5186 ,
3542 5129 3801 5195 vetusque
3826 5131 3905 5171 sco

2324 5216 2564 5286 pulcrum
2606 5227 2748 5268 novo
2784 5209 3030 5280 sepulcro
3068 5210 3483 5272 exornavimus,
3526 5218 3686 5279 atque
3724 5208 3902 5262 miram

2325 5304 2771 5362 resurrectionem
2795 5317 2914 5357 cum
2948 5309 3298 5370 permanente
3319 5311 3491 5356 morte
3513 5301 3803 5370 junximus,
3828 5299 3904 5352 vi-

2327 5398 2400 5452 ris
2420 5411 2552 5451 vero
2573 5405 2733 5464 atque
2761 5393 3076 5447 mulieribus
3099 5392 3340 5463 exempla
3372 5392 3438 5447 ad
3465 5393 3710 5447 virtutem
3732 5401 3785 5448 et
3805 5391 3907 5460 pie-

2329 5499 2490 5544 tatem
2520 5487 2896 5558 proposuimus
2917 5527 2931 5549 ,
2973 5495 3252 5554 postquam
3298 5485 3562 5540 celebrem
3595 5485 3792 5538 obitum
3820 5525 3834 5546 ,
3859 5492 3909 5536 et

2330 5581 2683 5636 desideratam
2714 5578 3159 5634 resurrectionem
3193 5577 3548 5643 ostendimus,
3577 5577 3768 5646 gratias
3795 5589 3908 5644 aga-

2333 5689 2451 5728 mus
2472 5672 2706 5734 Christo,
2733 5671 2818 5740 qui
2845 5678 3160 5740 potestatem
3191 5668 3349 5722 habet
3376 5672 3495 5722 vitte
3523 5678 3572 5722 et
3598 5669 3778 5722 mortis
3799 5683 3811 5719 :
3833 5664 3910 5717 cui

2335 5766 2502 5835 gloria
2530 5773 2584 5818 et
2611 5765 2912 5832 imperium,
2942 5778 3045 5814 una
3072 5778 3192 5815 cum
3219 5761 3371 5814 Patre
3401 5779 3451 5814 et
3479 5773 3663 5817 sancto
3691 5755 3910 5814 ιιι-ἰσοθ-

2341 5872 2442 5926 que
2469 5854 2689 5924 Spiritu,
2715 5856 2764 5910 in
2792 5855 2982 5909 smcula
3010 5852 3347 5908 sreculorum.
3380 5855 3567 5908 Amen.
