4082 6418
229 295 335 350 635

1265 281 1352 346 DE
1390 287 1680 348 SANCTIS
1713 281 2173 341 MARTYRIBUS
2211 272 2465 334 SERMO.

3405 266 3514 319 διδ

241 443 3496 540 W—W

227 927 336 988 ΕΤ
388 925 468 987 IN
517 921 689 986 EAM
735 919 970 983 CUIUS
1023 911 1597 979 ARGUMENTUM
1640 909 1815 987 EST,
1846 906 2016 971 NON
2051 903 2244 968 ESSE
2274 902 2382 964 AD
2425 898 2806 963 GRATIAM
2838 895 3506 960 CONCIONANDUM‘.

220 1349 377 1404 ricos
406 1353 724 1402 sanctorum
758 1355 1040 1398 sermones
1069 1355 1178 1396 non
1228 1338 1518 1414 pertineat,
1559 1336 1750 1408 religio
1788 1335 1893 1391 fuit
1928 1350 2050 1394 eam
2083 1347 2115 1387 a
2145 1330 2473 1404 praedemi
2512 1327 2780 1386 concione
2835 1328 3179 1400 disjungere,
3214 1329 3344 1398 quia
3406 1343 3513 1385 cm-

219 1469 382 1530 ptam
403 1458 471 1515 de
501 1456 721 1530 indigne
747 1452 1291 1513 communicantibus
1328 1451 1673 1526 hypothesim
1707 1466 1771 1508 ea
1800 1465 1966 1522 quam
2016 1448 2255 1505 diximus
2283 1445 2576 1502 occasione
2612 1444 2811 1505 ductus
2852 1441 2941 1498 hic
2981 1443 3355 1513 prosequitur.
3375 1441 3519 1509 Quo

217 1590 377 1631 anno
399 1582 688 1644 utramque
717 1573 966 1629 habuerit
995 1571 1276 1627 homiliam
1316 1568 1768 1642 Chrysostomus,
1815 1582 1885 1623 ne
1911 1566 2226 1638 conjectura
2264 1564 2485 1636 quidem
2529 1561 2752 1632 assequi
2787 1558 3075 1615 valemus:
3106 1556 3209 1612 hoc
3232 1564 3503 1611 unum‘ex

219 1690 472 1770 secunda
502 1690 746 1755 homilia,
774 1690 862 1746 cui
898 1689 1112 1753 titulus,
1146 1686 1273 1744 Non
1308 1703 1420 1744 esse
1447 1686 1517 1741 ad
1548 1687 1777 1758 gratiam
1801 1681 2249 1750 conciosandsm,
2280 1679 2554 1751 expiscari
2592 1692 2756 1750 posse
2793 1675 3064 1739 videmur,
3102 1688 3298 1744 nempe
3343 1672 3499 1728 habi~

219 1817 341 1862 tam
391 1816 691 1879 utramque
713 1806 886 1864 luisse
917 1815 1042 1878 post
1091 1804 1388 1862 Homiliam
1435 1804 1505 1861 de
1542 1802 1750 1858 Lazaro
1782 1819 1796 1856 :
1827 1800 1962 1856 dicit
2010 1799 2156 1856 enim
2189 1769 2249 1854 S.
2277 1796 2474 1854 doctor
2498 1811 2652 1852 num.
2685 1794 2720 1849 3
2749 1793 2816 1849 de
2854 1791 3065 1848 Lazaro
3105 1791 3384 1862 loquens:
3424 1787 3493 1843 Et

217 1923 356 1996 quid
393 1939 526 1994 opus
557 1931 635 1978 est
661 1911 985 1994 parabolant‘
1002 1930 1171 1977 totam
1201 1921 1548 1991 percurrere?
1577 1918 1783 1990 Quippe
1811 1917 1980 1974 nostis
2011 1914 2293 1969 historiam
2316 1926 2544 1980 omnem,
2573 1907 2944 1964 crudelitatem
2971 1906 3174 1970 divitis,
3199 1921 3302 1976 quo
3341 1914 3503 1975 pacta

223 2038 533 2095 mendicum
558 2039 869 2108 participem
897 2052 1091 2092 mense
1118 2052 1222 2090 non
1244 2035 1466 2105 faceret,
1497 2041 1781 2105 egestatem
1817 2032 1964 2088 illius
1995 2045 2058 2084 ac
2086 2027 2309 2100 famem,
2337 2042 2458 2082 eum
2484 2040 2590 2096 qua
2614 2032 2864 2096 perpetuo
2893 2019 3328 2090 conﬂictabatur.
3364 2017 3500 2085 Qum

223 2168 363 2208 sane
393 2152 646 2210 videntur
675 2159 800 2223 post
817 2164 1103 2208 sermones
1125 2149 1192 2205 de
1231 2145 1442 2203 Lazaro
1466 2145 1631 2213 dicta,
1663 2146 1793 2202 licet
1821 2145 1874 2201 id
1899 2143 2170 2200 aiiirmare
2200 2156 2311 2200 non
2336 2141 2540 2198 ausim.
2571 2136 2694 2208 Quo
2724 2144 2912 2194 autem
2939 2149 3085 2192 anno
3115 2149 3402 2193 sermones
3433 2136 3502 2193 de

224 2265 442 2321 Lazam
470 2261 602 2317 dicti
635 2259 862 2330 iuerint,
896 2262 1104 2332 pariter
1143 2261 1439 2328 incertum,
1471 2267 1531 2314 ut
1564 2256 1806 2317 vidimus
1832 2256 1888 2312 in
1909 2255 2130 2313 Μαιήιο
2156 2255 2226 2312 ad
2252 2253 2502 2313 eosdel.

1445 2340 1464 2368 ἱ

302 2397 602 2472 Utriusque
627 2399 1133 2470 interpretationem
1164 2397 1413 2453 Latinam
1449 2395 1622 2454 edidit
1651 2393 1858 2452 Fronto
1891 2391 2142 2449 Ducatus.

233 2753 2898 2796 Μ

240 2981 376 3027 (ΞΟΠ
421 2972 751 3022 ενικονυε
791 2967 1150 3015 ΗΔΒΤΥΒῸΠ
1193 2964 1355 3008 DIE]!
1398 2961 1552 3006 RUBI
1596 2956 1838 3002 CELEBB

1938 2954 2020 2997 UH
2064 2955 2367 3011 ΑΒιιεεΕΤ,
2415 2954 2690 3000 HABITUS
2735 2954 2852 2998 Εετ
2888 2955 2950 3000 III
2998 2956 3166 3004 URBE
3208 2957 3417 3014 δεκκο
3458 2960 3519 3006 LV

877 3068 1240 3123 NABTYIBS,
1286 3067 1369 3110 ΕΤ
1411 3065 1495 3108 DB
1538 3058 1840 3107 GOMPUIC‘

1938 3057 2030 3101 mn
2072 3055 2299 3101 conms
2342 3057 2422 3101 nr
2471 3057 2911 3117 ELBEuosns.

1707 3222 2028 3282 ΜΩ

317 3412 369 3466 ι.
411 3407 533 3464 ileri
557 3413 846 3475 martyrum
866 3400 981 3456 dies
1011 3398 1130 3463 fuit,
1159 3393 1254 3450 sed
1282 3402 1334 3448 ct
1355 3391 1513 3447 hodie
1535 3397 1834 3461 martyrum

241 3502 361 3557 dies
389 3508 470 3553 est
501 3516 514 3551 :
543 3505 702 3568 atque
729 3492 931 3548 utinam
961 3502 1175 3557 semper
1203 3485 1344 3541 diem
1371 3489 1664 3553 martyrum
1689 3478 1834 3534 cele-

241 3592 547 3647 braremus.
575 3586 633 3642 Si
663 3583 806 3640 enim
835 3582 911 3637 illi
929 3622 944 3646 ,
971 3579 1060 3648 qui
1087 3578 1277 3632 insano
1302 3573 1629 3629 theatrorum
1651 3583 1836 3624 amore

244 3684 514 3739 ducuntur
531 3719 548 3745 ,
576 3685 632 3732 et
656 3675 926 3730 circenses
956 3670 1110 3726 ludos
1135 3667 1203 3723 ad
1232 3675 1506 3736 stuporem
1536 3677 1704 3733 usque
1727 3659 1834 3714 mi-

247 3781 456 3836 rantur,
479 3781 767 3839 numquam
793 3763 1039 3834 turpibus
1066 3761 1172 3816 illis
1191 3756 1508 3831 spectaculis
1529 3754 1788 3809 satiantur
1818 3770 1832 3806 :

249 3865 421 3921 multo
444 3861 648 3931 aequius
673 3866 774 3923 est,
804 3865 863 3911 ut
890 3861 1192 3908 sanctarum
1223 3846 1521 3904 festivitatis
1545 3842 1837 3900 celebratio

248 3956 402 4012 nobis
428 3953 728 4008 satietatem
767 3957 823 4003 et
866 3944 1138 4001 fastidium
1177 3953 1465 4009 numquam
1497 3935 1686 4006 pariat.
1725 3933 1837 3989 Illic

169 4104 172 4106 ν
247 4059 443 4118 pompa
473 4049 556 4097 est
594 4039 854 4096 diabolica
880 4078 894 4104 ,
924 4036 1012 4089 hic
1055 4032 1312 4087 festivitas
1349 4027 1652 4083 Christiana
1683 4042 1698 4080 :
1730 4024 1838 4079 illic

248 4115 515 4193 exsultant
541 4132 815 4188 daemones
835 4169 850 4192 ,
882 4128 969 4182 hic
992 4122 1168 4194 angeli
1197 4121 1427 4177 choreas
1456 4116 1697 4173 ducunt:
1726 4115 1838 4170 illic

249 4229 551 4285 animarum
590 4221 892 4294 pernicies,
922 4220 1009 4275 hic
1051 4217 1196 4273 salus
1223 4227 1409 4268 eorum
1439 4210 1674 4265 omnium
1700 4249 1715 4274 ,
1747 4206 1838 4278 qui

250 4325 664 4390 congregantur.
695 4316 764 4369 At
803 4311 1003 4366 habent
1042 4308 1129 4363 illa
1157 4304 1441 4377 quamdam
1466 4299 1840 4372 voluptatem?

249 4411 368 4469 Non
395 4425 526 4466 sane
557 4415 757 4464 tantam
783 4449 797 4472 ,
822 4404 1074 4475 quantam
1101 4401 1223 4456 ista.
1252 4400 1383 4467 Qua:
1408 4398 1548 4452 enim
1572 4436 1587 4460 ,
1620 4407 1800 4464 quaeso
1820 4434 1835 4459 ,

249 4503 499 4572 voluptas
545 4509 747 4554 temere
794 4503 848 4551 et
890 4506 1104 4564 quoquo
1145 4489 1306 4545 modo
1355 4495 1634 4543 currentes
1674 4497 1841 4552 equos

250 4589 518 4648 cernere?
562 4588 651 4642 hic
678 4600 808 4642 vero
836 4599 944 4640 non
983 4584 1170 4653 jugum
1205 4580 1485 4635 brutorum
1530 4572 1839 4628 animalium

252 4691 464 4753 spectas
489 4721 504 4746 ,
547 4677 641 4733 sed
681 4684 973 4747 martyrum
1015 4672 1162 4728 mille
1201 4683 1429 4734 currus,
1460 4673 1516 4721 et
1554 4666 1718 4720 Deum
1749 4663 1840 4733 qui

253 4774 501 4831 curribus
529 4772 646 4827 istis
667 4767 925 4840 praesidet
949 4809 962 4831 ,
985 4767 1151 4836 'atque
1189 4765 1241 4817 in
1272 4761 1461 4817 caaium
1490 4761 1591 4814 iter
1617 4758 1744 4827 agit.
1773 4755 1843 4812 Ut

253 4869 399 4924 enim
431 4864 700 4933 intelligas
737 4869 1041 4917 sanctorum
1073 4856 1279 4911 animas
1319 4851 1415 4908 Dei
1444 4855 1659 4906 currum
1686 4861 1806 4903 esse
1826 4888 1840 4911 ,

254 4959 377 5014 audi
409 4954 722 5030 prophetam
745 4953 1010 5021 dicentem
1044 4966 1058 5002 ε
1091 4947 1281 5002 Cumis
1308 4942 1403 4997 Dei
1429 4942 1598 4998 decem
1623 4937 1845 4993 millibus

254 5029 545 5119 rrtultt'plex,
570 5045 731 5100 millia
744 5041 1027 5100 laetantium
1053 5037 1224 5111 (Psal.
1254 5037 1342 5090 b7.
1373 5033 1500 5103 l8).
1529 5031 1679 5099 Quod
1700 5029 1843 5085 enim

254 5138 506 5210 supernis
532 5133 814 5190 virtutibus
837 5132 980 5188 dono
1005 5129 1170 5191 dedit,
1203 5130 1305 5182 hoc
1330 5133 1384 5180 et
1425 5130 1627 5179 naturae
1651 5129 1846 5176 nostra:

255 5232 480 5302 largitus
501 5236 603 5283 est.
625 5227 798 5296 Super
814 5221 1100 5279 Cherubim
1128 5218 1299 5284 scdet,
1327 5216 1464 5271 sicut
1493 5214 1568 5269 ait
1588 5212 1843 5283 psalmus,

257 5320 496 5378 Ascendit
527 5333 676 5388 super
702 5315 969 5372 Cherubim
1000 5322 1043 5367 et
1072 5310 1253 5366 volavit
1287 5305 1470 5380 (Psal.
1504 5305 1591 5361 i7.
1621 5302 1719 5374 Η)
1751 5321 1764 5358 :
1794 5310 1848 5356 ct

255 5428 474 5477 rursus,
508 5411 608 5476 Qui
633 5410 773 5464 sedes
809 5424 961 5479 super
985 5402 1250 5460 Cherubin:
1275 5443 1291 5468 ,
1323 5408 1368 5454 et
1407 5398 1618 5452 intueris
1644 5395 1848 5466 abyssos

261 5505 279 5572 (
307 5504 444 5558 Dan.
474 5504 528 5556 5.
558 5501 688 5574 55).
719 5498 830 5555 iloc
867 5498 1025 5554 etiam
1067 5494 1219 5551 nobis
1259 5505 1448 5548 rursus
1473 5487 1696 5543 contulit
1722 5503 1736 5539 :
1764 5499 1848 5540 se—

257 5594 349 5651 det
377 5609 536 5664 snpcr
564 5594 718 5659 illos,
747 5592 799 5646 in
845 5589 998 5646 nobis
1024 5585 1226 5642 habitat
1268 5601 1282 5640 :
1316 5579 1616 5636 lnhabitabo
1644 5575 1776 5634 enim
1802 5583 1849 5633 et.

1928 3383 2252 3439 inambulabo
2279 3385 2330 3436 in
2374 3383 2509 3438 vobis
2537 3382 2695 3455 (Leu.
2725 3383 2818 3438 26.
2866 3381 2933 3438 i2
2958 3393 3006 3437 et
3043 3384 3100 3437 2.
3141 3371 3356 3440 Cor.'6.
3389 3386 3517 3459 16).

1934 3476 2015 3530 liii
2041 3475 2165 3530 facti
2193 3482 2320 3529 sunt
2344 3488 2554 3539 currus,
2590 3489 2689 3530 nos
2720 3476 2973 3544 templum
3005 3475 3210 3531 fiamus.
3247 3476 3409 3534 Vides
3434 3495 3527 3535 co-

1931 3567 2238 3637 gnationem
2265 3566 2530 3621 honoris?
2557 3565 2705 3622 vides
2723 3608 2737 3635 ,
2770 3583 2882 3636 quo
2903 3562 3056 3636 pacto
3085 3569 3379 3639 paciiicarit
3405 3587 3526 3642 quas

1933 3658 1987 3713 in
2013 3657 2160 3713 exiis
2197 3666 2354 3724 sunt,
2382 3666 2436 3714 ct
2471 3673 2593 3727 quas
2631 3659 2684 3712 in
2717 3665 2856 3712 terra
2887 3656 3034 3729 (Col.
3079 3660 3131 3712 i.
3172 3660 3310 3732 20)?
3341 3661 3525 3732 itaque

1935 3749 2068 3803 nihil
2098 3748 2167 3803 ab
2204 3748 2409 3818 angelis
2445 3747 2741 3804 diﬂ‘erimus
2761 3790 2775 3812 ,
2804 3749 2848 3801 si
2887 3749 3145 3804 velimus:
3164 3749 3270 3806 Sed
3300 3752 3442 3821 quod
3473 3755 3525 3809 in

1933 3838 2158 3894 exordio
2194 3839 2459 3895 sermonis
2501 3837 2766 3905 dicebam,
2801 3838 2915 3894 heri
2960 3848 3251 3912 martyrum
3288 3843 3406 3898 dies
3429 3887 3445 3911 ,
3472 3855 3530 3900 et

1937 3929 2095 3985 hodie
2121 3939 2414 4002 martyrum
2439 3928 2555 3985 dies
2572 3971 2587 3994 ,
2623 3944 2730 4012 non
2756 3943 2940 4004 eorum
2967 3929 3055 4000 qui
3081 3930 3221 4000 apud
3245 3947 3342 3988 nos
3365 3943 3519 3997 sunt.

1936 4024 2031 4079 sed
2069 4038 2259 4080 eorum
2289 4023 2378 4092 qui
2418 4023 2472 4078 in
2509 4022 2635 4078 villa
2668 4040 2681 4076 :
2715 4023 2824 4077 imo
2871 4036 3000 4077 vero
3032 4021 3109 4076 illi
3138 4037 3351 4093 quoque
3387 4027 3527 4094 apud

1937 4134 2038 4174 nos
2066 4125 2212 4172 sunt.
2253 4115 2384 4171 Nam
2425 4115 2476 4169 in
2514 4113 2858 4168 smcuiaribus
2893 4112 3109 4184 quidem
3148 4115 3375 4186 negotiis
3414 4131 3442 4170 a
3471 4133 3530 4173 se

1939 4211 2166 4266 invicem
2192 4206 2454 4264 dissident
2477 4205 2668 4260 civitas
2706 4213 2759 4260 et
2797 4203 2958 4268 vilia;
2999 4203 3053 4259 in
3097 4203 3162 4258 iis
3204 4214 3381 4261 autem
3408 4222 3527 4277 qua:

1939 4301 2004 4358 ad
2046 4301 2359 4372 religionem
2405 4298 2710 4369 pertinent,
2742 4296 3139 4351 communicant
3181 4304 3235 4350 et
3272 4298 3530 4353 uniuntur

1939 4394 2079 4449 inter
2105 4407 2164 4448 se
2205 4391 2453 4446 invicem.
2485 4387 2603 4443 Noli
2644 4389 2787 4442 enim
2831 4386 3111 4441 barbaram
3152 4385 3387 4456 ipsorum
3420 4386 3526 4442 lin-

1939 4499 2097 4555 guam
2148 4491 2410 4551 spectare,
2462 4479 2555 4534 sed
2607 4479 2840 4532 animum
2895 4477 3134 4547 ipsorum
3184 4475 3526 4548 philosophia

1940 4576 2230 4633 excultum.
2259 4572 2395 4641 Quid
2433 4572 2575 4627 enim
2621 4573 2814 4641 lingua
2851 4571 3157 4625 communio
3196 4571 3450 4641 prodest,
3479 4572 3530 4629 si

1941 4667 2104 4724 animi
2133 4666 2240 4721 sint
2268 4663 2470 4719 divisi?
2495 4661 2620 4732 quid
2648 4676 2776 4716 vero
2801 4661 3082 4715 diversitas
3111 4661 3305 4732 lingua:
3336 4676 3488 4719 nocet
3509 4709 3526 4729 .

1942 4759 1985 4813 si
2018 4756 2121 4812 [ide
2145 4753 2467 4824 jungamurt
2497 4752 2607 4806 iiac
2648 4750 2854 4805 ratione
2896 4765 3071 4820 neque
3097 4750 3217 4805 viiia
3245 4750 3542 4808 deterioris,

1940 4846 2262 4906 conditionis
2288 4860 2447 4916 quam
2475 4843 2662 4900 civitas
2679 4885 2694 4910 ,
2731 4855 2854 4896 cum
2884 4841 2938 4895 in
2962 4855 3028 4896 eo
3051 4881 3067 4907 ,
3095 4840 3239 4912 quod
3267 4841 3534 4896 honorum

1939 4949 2101 5013 caput
2136 4949 2219 4995 est
2244 4982 2257 5004 ,
2289 4937 2549 5008 mquaiem
2588 4935 2847 4991 honorem
2890 4932 3203 4987 sortiantur.
3238 4933 3530 5002 Propterea

1942 5049 2153 5107 quoque
2185 5033 2441 5088 Dominus
2484 5037 2668 5084 noster
2692 5025 2851 5082 Jesus
2887 5021 3134 5080 Christus
3164 5038 3283 5083 non
3302 5021 3354 5078 in
3383 5023 3530 5096 urbi:

1942 5127 2043 5182 bus
2072 5124 2405 5190 versabatur,
2431 5133 2484 5177 et
2511 5119 2661 5174 villas
2687 5131 2884 5173 vacuas
2908 5131 2972 5172 ac
2997 5116 3237 5172 desertas
3263 5114 3534 5187 relinque-

1943 5219 2034 5274 bat
2056 5260 2071 5284 ,
2102 5216 2194 5273 sed
2235 5212 2551 5286 peragrabat
2590 5212 2832 5268 civitates
2869 5217 2922 5264 et
2951 5206 3170 5264 castella
3190 5247 3206 5274 ,
3237 5206 3536 5277 pradicans

1944 5302 2371 5376 Evangeiinmct
2400 5318 2593 5358 sanans
2635 5317 2848 5357 omnem
2889 5300 3200 5368 languorem
3235 5307 3288 5353 et
3315 5312 3530 5353 omnem

1943 5399 2304 5454 infirmitatem
2349 5392 2516 5465 (Luc.
2559 5394 2608 5447 7.
2649 5389 2714 5444 2!
2762 5410 2779 5458 ;
2825 5390 3011 5445 Matth.
3053 5391 3106 5445 4.
3138 5386 3265 5462 24).
3298 5386 3452 5444 Hunc
3481 5396 3534 5444 et

1943 5491 2241 5549 communis
2280 5496 2463 5558 pastor
2502 5496 2684 5539 noster
2727 5499 2789 5540 ac
2832 5483 3021 5540 doctor
3051 5482 3133 5552 (α)
3162 5481 3395 5540 imitatus
3433 5493 3533 5540 nos

2007 5604 2082 5668 (ai
2113 5613 2181 5655 De
2204 5602 2423 5652 Flaviano
2442 5599 2667 5663 loquitur.
