4082 6426
599 326 695 380 δι’]
1298 325 1356 379 S.
1397 324 1674 381 JOANNIS
1711 322 2183 381 CHRYSOS'I'OMI
2226 296 2541 379 AllClllliP.
2581 322 3117 382 CONS’I‘ANIINOI’.

598 443 854 507 deseruit,
886 453 934 497 et
967 440 1033 495 ad
1066 441 1184 494 illos
1214 441 1481 511 profectus
1506 450 1623 504 est;
1657 442 1763 494 imo
1794 456 1919 495 vero
1949 457 2051 495 non
2080 441 2177 497 de-

595 538 761 588 si-ruit
789 547 907 597 nos,
936 547 1057 585 cum
1090 530 1153 584 ad
1183 531 1302 584 illos
1340 530 1466 584 abiit
1493 572 1508 596 ,
1540 531 1735 601 quippe
1776 532 1867 600 qui
1893 531 1962 585 ad
1988 530 2179 588 fratres

595 633 805 676 nostros
825 621 1038 676 abierit.
1062 620 1130 675 Et
1150 618 1595 690 quemadmodum
1618 636 1737 675 cum
1763 621 2177 678 Maccabarorum

598 714 786 769 festum
812 712 1200 777 celebraretur,
1229 712 1280 765 in
1307 710 1491 766 urbem
1524 713 1641 765 villa
1669 714 1841 767 omnis
1864 712 2029 767 ell‘usa
2057 726 2137 769 est
2163 735 2176 770 :

595 807 665 859 ita
692 820 815 861 cum
844 815 1153 876 martyrum,
1186 804 1273 873 qui
1305 803 1412 858 illic
1437 804 1736 874 quiescunt,
1773 803 1961 860 festum
1991 820 2179 875 agere.

595 906 703 963 tur,
730 910 872 951 nunc
900 895 1084 950 urbem
1112 903 1277 948 totam
1294 893 1360 949 ad
1382 894 1499 949 illos
1518 895 1746 964 oportuit
1782 910 1839 949 se
1868 896 2175 953 transferre.

594 990 880 1059 Propterea
911 1002 1141 1059 namque
1172 1002 1276 1041 non
1318 988 1370 1042 in
1410 987 1631 1042 urbibus
1671 996 1872 1042 tantum
1901 989 2181 1045 collocavit

596 1089 855 1150 martyres
879 1079 1040 1143 Deus,
1067 1076 1163 1132 sed
1190 1077 1350 1132 etiam
1384 1078 1437 1130 in
1468 1077 1606 1132 villis
1633 1077 1781 1147 ipsis,
1817 1086 1875 1131 ut
1901 1094 1965 1133 ex
1993 1078 2179 1133 diebus

597 1168 746 1224 festis
772 1166 1082 1224 commercii
1110 1176 1167 1223 et
1189 1166 1440 1235 colloquii
1470 1169 1769 1222 necessaria
1796 1168 1950 1223 nobis
1972 1171 2181 1224 occasio

592 1265 747 1315 detur
776 1278 789 1313 :
822 1270 981 1330 atque
1000 1259 1135 1314 adeo
1165 1246 1425 1329 pluresiu
1452 1258 1612 1324 villis,
1642 1275 1799 1329 quam
1828 1261 1880 1314 in
1908 1261 2055 1316 urbe.
2092 1260 2177 1314 ln-

593 1352 773 1407 feriori
803 1353 946 1407 enim
976 1351 1414 1407 abundantiorem
1432 1350 1719 1419 Jionorem
1762 1353 2013 1420 impertiit
2043 1354 2179 1408 Deus

598 1445 676 1519 (I.
702 1444 819 1501 Cor.
854 1445 939 1500 12.
966 1444 1069 1516 25)
1093 1486 1113 1512 ,
1138 1444 1277 1514 quod
1301 1443 1614 1498 imbecillior
1640 1444 1706 1497 sit
1735 1459 1857 1515 pars
1888 1445 1973 1498 illa
2009 1463 2021 1498 :
2054 1460 2179 1517 pro-

598 1548 775 1607 pterea
820 1536 1005 1606 majori
1043 1551 1163 1591 eam
1206 1534 1443 1590 subsidio
1488 1536 1742 1606 cultuque
1790 1536 2037 1606 dignatus
2073 1548 2176 1591 est.

600 1629 733 1684 Nam
761 1630 793 1684 ii
822 1629 1031 1698 quidem
1072 1628 1161 1697 qui
1190 1627 1363 1682 urbes‘
1389 1627 1659 1692 incolunt,
1689 1627 1897 1682 assidua
1936 1627 2180 1682 doctrina

598 1722 878 1783 fruuntur;
924 1729 978 1773 at
1004 1719 1093 1790 qui
1120 1718 1317 1789 degunt
1348 1718 1399 1772 in
1431 1717 1590 1789 agris,
1625 1732 1728 1772 non
1768 1726 1910 1772 tanta
1938 1718 2180 1789 largitate

601 1812 893 1879 potiuntur.

674 1901 924 1971 Martyres
963 1918 1076 1955 cum
1105 1901 1389 1955 doctoribus
1426 1901 1771 1970 conferuntur.
1808 1899 1938 1956 Plus
1964 1917 2177 1972 persua-

606 1996 723 2047 dent
761 1994 894 2063 facta
922 2011 1071 2063 quam
1102 1994 1255 2046 dicta.
1284 2023 1351 2032 -——
1380 1992 1558 2062 Itaque
1582 1990 1860 2046 doctorum
1905 1993 2179 2061 penuriam

596 2096 887 2156 martyrum
917 2084 1239 2139 abundantia
1279 2083 1478 2138 solatus
1508 2092 1588 2137 est
1620 2082 1779 2146 Deus,
1806 2093 1860 2137 et
1899 2084 1967 2136 ita
1997 2082 2179 2152 dispo-

592 2177 717 2238 suit,
749 2184 805 2228 ut
847 2175 1026 2244 plures
1060 2174 1200 2243 apud
1240 2174 1358 2227 illos
1398 2182 1661 2244 martyres
1700 2172 2065 2243 sepelirentur.
2105 2174 2177 2227 Illi

593 2267 871 2321 doctorum
920 2264 1133 2336 quidem
1188 2264 1419 2335 linguam
1475 2275 1733 2336 perpetuo
1782 2280 1888 2319 non
1936 2265 2175 2331 audiunt,

595 2359 692 2412 sed
716 2366 1009 2428 martyrum
1036 2371 1219 2411 vocem
1250 2372 1281 2411 e
1310 2357 1557 2426 sepulcro
1586 2367 1925 2413 resonantem
1953 2367 2007 2413 et
2038 2360 2179 2428 ipsos

591 2449 975 2520 adloquentem,
1007 2464 1129 2520 quae
1157 2448 1326 2502 multo
1360 2449 1547 2518 majori
1574 2451 1767 2505 virtute
1796 2451 1973 2520 pollet.
2007 2452 2181 2520 Atque

594 2551 649 2596 ut
679 2541 984 2612 intelligatis
1016 2540 1203 2611 majori
1254 2540 1455 2610 pollere
1486 2543 1683 2597 virtute
1728 2552 1989 2613 martyres
2019 2544 2177 2598 etiam

591 2634 833 2701 silentes,
865 2649 1022 2703 quam
1050 2647 1148 2687 nos
1176 2633 1265 2701 qui
1296 2632 1564 2703 loquimur
1594 2652 1606 2687 :
1639 2634 1786 2687 multi
1814 2649 2181 2704 saepenumero

595 2725 721 2777 dum
747 2723 887 2791 apud
912 2723 1107 2777 multos
1136 2723 1203 2778 de
1226 2723 1419 2777 virtute
1449 2722 1606 2777 verba
1634 2724 1849 2789 faciunt,
1887 2724 2017 2779 nihil
2060 2741 2181 2795 pro-

597 2818 867 2881 fecerunt;
894 2816 981 2869 alii
1009 2830 1137 2871 vero
1153 2816 1314 2869 etiam
1345 2822 1581 2869 tacentes
1596 2814 1665 2867 ob
1685 2815 1803 2869 vita:
1824 2816 2177 2885 integritatem

597 2917 651 2961 et
680 2904 1018 2977 splendorem
1047 2907 1208 2962 multa
1237 2907 1450 2976 egregia
1477 2904 1709 2959 facinora
1734 2915 2041 2976 patrarunt:
2075 2910 2175 2962 ita-

592 3014 695 3068 que
716 2998 1126 3066 multoamplius
1152 3009 1414 3075 martyres
1437 2997 1536 3052 hoc
1558 2998 1817 3065 fecerunt,
1837 3015 1940 3053 non
1961 3000 2178 3069 quidem

592 3091 770 3161 lingua
802 3089 1129 3145 etformatam
1161 3104 1345 3145 vocem
1370 3091 1661 3155 mittentes,
1685 3090 1778 3144 sed
1803 3091 1944 3144 illam
1968 3108 2084 3162 qua:
2112 3108 2177 3146 ex

594 3183 761 3237 rebus
812 3180 940 3252 ipsis
987 3182 1152 3236 multo
1204 3181 1400 3235 clarius
1448 3190 1680 3246 resonat,
1709 3196 1868 3251 quam
1917 3198 2035 3253 qua:
2086 3198 2179 3238 ore

594 3272 885 3341 profertur,
917 3288 1017 3341 qua
1051 3272 1307 3326 nimiru’m
1330 3280 1494 3325 totum
1521 3286 1688 3340 genus
1718 3271 2005 3326 humanum
2047 3274 2177 3327 allo-

592 3373 847 3432 quuutur,
877 3362 962 3417 his
988 3363 1162 3417 verbis
1192 3370 1438 3415 utentes:
1472 3360 1739 3429 Respicite
1772 3362 1822 3415 in
1854 3378 1969 3428 nos,
2002 3364 2173 3431 qualia

591 3456 737 3525 passi
769 3452 1022 3509 fuerimus
1054 3454 1213 3508 mala.
1242 3452 1377 3521 Quid
1419 3454 1559 3507 enim
1590 3454 1729 3523 passi
1759 3469 1960 3520 sumus,
1991 3456 2077 3524 qui
2108 3456 2174 3508 ad

594 3556 815 3601 mortem
846 3545 1077 3598 damnati
1127 3558 1334 3609 sumus,
1368 3558 1429 3597 ac
1486 3544 1647 3597 vitam
1700 3552 1954 3598 a-ternam
2001 3544 2174 3613 adepti

593 3635 817 3691 sumus?
871 3635 1019 3704 Digni
1066 3634 1230 3689 habiti
1274 3648 1479 3699 sumus,
1525 3635 1612 3704 qui
1645 3643 1859 3704 propter
1903 3634 2175 3690 Christum

595 3743 817 3799 corpora
842 3732 1161 3796 poneremus
1184 3745 1197 3781 :
1220 3725 1361 3795 quod
1388 3726 1432 3780 si
1463 3741 1601 3781 nunc
1625 3726 1728 3781 illis
1755 3741 1851 3781 nos
1872 3742 1975 3781 non
2002 3730 2179 3783 exuis-
2226 3762 2229 3765 λ

594 3836 798 3885 senius,
832 3818 990 3888 paulo
1042 3828 1161 3889 post
1204 3820 1364 3873 etiam
1412 3818 1563 3872 inviti
1610 3820 1981 3887 temporariam
2042 3819 2178 3875 hanc

592 3912 807 3965 illorum
848 3910 1009 3962 vitam
1058 3909 1303 3962 amissuri
1336 3923 1567 3963 eramus.
1612 3909 1667 3963 Si
1716 3924 1820 3963 non
1870 3910 2179 3965 advenisset

594 3998 937 4068 martyrium,
984 4012 1154 4065 eaque
1202 3998 1354 4049 nohis
1403 3996 1724 4061 abstulisset,
1774 4006 1829 4049 at
1880 4000 2178 4055 communis

594 4098 800 4142 naturre
826 4097 1020 4141 nostra:
1051 4102 1197 4141 mors
1228 4103 1323 4140 nos
1355 4086 1651 4152 invasisset,
1685 4102 1857 4156 eaque
1884 4089 2037 4157 plane
2064 4090 2178 4144 dis-

598 4181 862 4235 solvisset.
898 4178 1182 4247 Propterea
1216 4177 1323 4231 Deo
1348 4178 1545 4247 gratias
1576 4184 1731 4247 agere
1753 4193 1856 4233 non
1882 4195 2173 4247 cessamus,

595 4270 734 4339 quod
762 4269 877 4338 ejus
917 4268 1175 4345 beneficio
1224 4267 1375 4321 nobis
1422 4268 1720 4337 contigerit,
1752 4278 1806 4322 ut
1840 4281 2032 4337 morte,
2062 4289 2177 4341 qua:

596 4362 813 4415 mnuino
843 4358 994 4413 nobis
1023 4358 1320 4427 oppetenda
1348 4367 1482 4423 erat,
1514 4359 1578 4412 ad
1611 4369 1910 4415 nostrarum
1950 4364 2177 4417 salutem

596 4454 891 4507 animarum
936 4461 1226 4515 uteremur,
1254 4450 1500 4520 quodque
1546 4468 1658 4506 rem
1700 4455 2001 4509 necessario
2031 4457 2179 4510 dehi-

598 4555 703 4597 tam
735 4552 1007 4610 tamquam
1029 4541 1222 4595 donum
1250 4541 1484 4610 aliquod,
1512 4556 1574 4596 ac
1603 4545 1793 4597 summi
1825 4560 1990 4614 genus
2012 4546 2179 4601 hono-

599 4638 675 4689 ris
704 4652 733 4689 a
763 4635 915 4689 nobis
945 4633 1227 4703 acceperit.
1254 4635 1319 4687 At
1340 4634 1483 4688 enim
1512 4634 1731 4689 molesta
1760 4647 1881 4691 sunt
1907 4648 1960 4691 et
1987 4640 2177 4693 acerba

601 4735 880 4781 tormenta.
902 4723 1006 4779 Sed
1034 4724 1176 4778 brevi
1202 4726 1454 4793 temporis
1478 4735 1749 4779 momento
1770 4728 2037 4783 feruntur:
2061 4745 2180 4799 qua:

601 4836 731 4875 vero
758 4834 849 4888 per
879 4818 968 4871 illa
996 4817 1238 4884 voluptas
1268 4817 1575 4885 acquiritur,
1609 4819 1945 4886 sempiternis
1972 4821 2181 4874 smculis

598 4926 780 4966 cozeva
812 4909 1004 4974 durat;
1052 4908 1160 4962 imo
1208 4922 1426 4962 verone
1470 4907 1615 4963 brevi
1666 4908 1875 4976 quidem
1927 4913 2181 4982 temporis

600 5008 870 5056 momento
898 4999 1119 5054 molesta
1160 5008 1281 5052 sunt
1310 5006 1573 5053 tormenta
1610 4999 1731 5065 illis,
1760 4999 1847 5067 qui
1887 4999 2059 5054 futura
2093 5020 2179 5057 re-

603 5092 853 5163 spiciunt,
884 5098 937 5145 et
956 5090 1020 5142 ad
1051 5089 1359 5143 certaminis
1399 5090 1682 5157 prmsidem
1720 5105 1781 5144 ac
1812 5104 2177 5148 remunerato-

606 5199 717 5238 rem
745 5182 996 5251 aspirarit.
1012 5179 1294 5246 Siquidem
1324 5181 1509 5233 beatus
1530 5181 1694 5235 etiam
1716 5180 2034 5250 Stephanus,
2058 5188 2181 5255 quia

601 5274 872 5329 Christum
894 5270 1059 5325 oculis
1082 5268 1203 5323 ﬁdei
1224 5268 1497 5338 spectabat
1524 5270 1663 5338 (Act.
1685 5271 1737 5325 7.
1767 5270 1878 5340 55),
1902 5282 2181 5343 propterea

604 5364 835 5435 lapidum
886 5362 1082 5417 imbres
1128 5377 1232 5415 non
1284 5362 1622 5431 respiciebat,
1673 5362 1765 5417 sed
1812 5364 2020 5421 illorum
2065 5368 2181 5423 loco

604 5455 822 5526 przemia
849 5466 1177 5520 coronasque
1220 5452 1550 5507 numerabat.
1604 5452 1686 5507 Tu
1736 5454 1892 5524 igitur
1938 5473 1967 5510 a
2022 5457 2184 5513 rebus

602 5563 810 5617 quoque
841 5544 1185 5616 praesentibus
1220 5543 1405 5596 oculos
1449 5552 1569 5599 tuos
1594 5545 1661 5600 ad
1701 5546 1877 5605 futura
1910 5559 2178 5616 converte,

605 5653 665 5693 ac
696 5653 761 5691 ne
786 5638 995 5690 brevem
1021 5633 1231 5704 quidem
1256 5632 1433 5702 capies
1454 5649 1669 5690 sensum
1704 5636 1984 5691 malorum.

672 5731 727 5784 2.
772 5727 893 5782 κως
942 5736 993 5780 et
1037 5724 1117 5777 his
1162 5722 1310 5792 plura
1357 5724 1539 5781 dicunt
1586 5738 1863 5799 martyres,
1913 5729 2181 5799 multoque

3769 302 3870 357 (iis

2290 436 2501 501 melius,
2544 454 2701 508 quam
2733 454 2851 504 nos,
2884 440 3227 509 persuadent.
3256 418 3388 497 Nam
3415 456 3513 514 ego
3562 442 3778 514 quidem
3824 444 3868 498 si

2287 528 2417 583 nihil
2460 528 2653 584 habere
2684 531 2944 585 molestiae
2976 542 3297 588 tormentum
3336 534 3529 601 dicam,
3554 538 3656 589 fide
3678 538 3871 603 dignus

2286 622 2504 677 minime
2533 622 2880 698 videor,dum.
2907 624 2979 677 ita
3011 625 3202 695 loquor
3230 644 3243 679 :
3277 626 3406 682 nihil
3437 628 3632 697 quippe
3652 627 3872 682 difficile

2288 714 2461 768 verbis
2506 714 2607 769 hoc
2651 724 2804 785 pacto
2833 715 3239 786 philosophari;
3270 728 3323 771 at
3352 735 3418 773 ex
3449 720 3577 789 ipsis
3619 721 3873 789 Operibus

2286 816 2654 874 erumpentem
2686 822 2870 861 vocem
2902 817 3105 877 martyr
3146 811 3394 863 emittens
3414 851 3428 872 ,
3460 813 3725 865 nemiuem
3778 812 3872 861 hri-

2269 895 2395 966 .het,
2436 897 2526 965 qui
2566 899 2913 952 contradicat.
2965 900 3030 953 Et
3073 900 3519 969 quemadmodum
3572 902 3683 955 fieri
3738 904 3877 957 solet

2287 985 2429 1041 intus
2464 985 2516 1038 iu
2556 987 2777 1053 balneis,
2816 990 2902 1042 uhi
2940 989 3232 1043 calidarum
3259 1004 3514 1059 aquarum
3537 990 3702 1047 fervet
3726 993 3873 1046 lava-

2285 1090 2472 1140 crum,
2526 1092 2626 1131 nec
2673 1077 2998 1133 descendere
3045 1080 3570 1150 quisquam-audet;
3619 1082 3874 1153 quamdiu

2284 1167 2498 1235 quidem
2545 1182 2603 1220 se
2631 1168 2855 1223 invicem
2899 1170 3074 1225 verbis
3117 1172 3481 1239 cohortantur,
3510 1175 3598 1244 qui
3626 1176 3692 1229 ad
3723 1191 3873 1230 oram

2284 1256 2456 1311 balnei
2485 1259 2693 1325 sedent,
2736 1260 2935 1313 nemini
2983 1270 3157 1316 tamen
3208 1264 3561 1332 persuadent;
3614 1266 3703 1320 uhi
3749 1283 3875 1320 vero

2284 1350 2544 1419 quispiam
2573 1367 2638 1405 ex
2687 1351 2792 1405 illis
2839 1361 2929 1406 aut
2975 1370 3188 1407 manum
3221 1355 3515 1422 demiserit,
3558 1371 3649 1413 aut
3700 1359 3876 1414 laxato

2286 1438 2420 1508 pede
2467 1449 2633 1494 totum
2676 1455 2869 1510 corpus
2913 1443 3242 1499 confidenter
3289 1446 3589 1513 immiserit,
3633 1451 3877 1517 quamvis

2289 1539 2472 1585 tacens
2504 1531 2670 1585 multo
2696 1531 2890 1586 melius
2916 1524 3072 1603 quam
3100 1534 3190 1605 qui
3232 1536 3395 1590 multa
3423 1537 3584 1592 verba
3615 1538 3873 1604 facerent,

2285 1636 2378 1675 eos
2408 1623 2497 1691 qui
2526 1624 2787 1693 superiori
2817 1623 2939 1679 loco
2960 1625 3148 1681 sedent
3174 1627 3422 1695 adducet,
3443 1639 3499 1683 ut
3520 1630 3571 1684 in
3602 1631 3876 1685 lavacrum

2284 1714 2511 1770 audeant
2558 1716 2757 1772 insilire
2791 1736 2803 1773 :
2838 1719 2915 1773 sic
2961 1719 3120 1774 etiam
3167 1719 3224 1775 lit
3266 1723 3319 1776 in
3374 1725 3748 1794 martyribus:
3795 1726 3879 1779 hic

2284 1806 2423 1858 enim
2454 1806 2571 1861 loco
2596 1806 2787 1863 lavacri
2810 1824 2962 1879 aqua:
2988 1813 3293 1880 propositus
3314 1824 3395 1868 est
3417 1830 3595 1883 rogus.
3622 1816 3768 1886 Ergo
3788 1818 3879 1886 qui

2286 1895 2414 1951 foris
2434 1898 2804 1964 circumstant,
2832 1901 2955 1956 licet
2985 1902 3280 1957 innumeris
3310 1905 3483 1975 verbis
3505 1906 3877 1971 cohortentur,

2286 2003 2389 2043 non
2435 1990 2719 2045 admodum
2765 2001 3142 2059 commovent;
3194 1994 3279 2047 ubi
3332 2010 3463 2049 vero
3510 2008 3716 2067 martyr
3744 2014 3880 2052 unus

2286 2095 2390 2133 non
2420 2080 2631 2149 pedem,
2652 2098 2755 2135 non
2786 2100 2999 2137 manum
3028 2094 3229 2138 tantum
3258 2084 3556 2153 demiserit,
3578 2089 3675 2142 sed
3709 2097 3877 2142 totum

2284 2185 2480 2241 corpus
2510 2173 2767 2241 injecerit,
2800 2184 2910 2228 tum
2963 2175 3073 2242 ipsa
3122 2185 3300 2229 rerum
3343 2179 3669 2245 experientia
3712 2179 3878 2233 vehe-

2284 2262 2514 2316 mentius
2553 2279 2710 2331 quam
2752 2265 3121 2319 cohortatione
3162 2267 3244 2320 vel
3290 2268 3515 2322 consilio
3554 2271 3747 2338 quovis
3779 2271 3878 2323 im—

2288 2352 2464 2420 pellit,
2510 2363 2563 2407 et
2613 2369 2677 2408 ex
2727 2355 2925 2409 animis
2968 2356 3426 2411 circumstantium
3479 2361 3729 2415 timorem
3780 2376 3876 2416 ex-

2288 2440 2456 2510 pellit.

2359 2532 2649 2604 .‘Jartyrum
2692 2536 2920 2608 reliquiae
2946 2555 3038 2592 sua
3080 2541 3348 2609 praesentia
3388 2542 3511 2610 quid
3556 2544 3878 2613 eliciant.—

2286 2620 2515 2690 Videtis,
2545 2634 2603 2679 ut
2643 2629 2907 2695 potentior
2940 2629 3007 2683 sit
3038 2633 3279 2700 quamvis
3319 2632 3604 2685 tacentiqu
3636 2648 3742 2688 vox
3782 2635 3878 2688 ista

2289 2716 2626 2784 martyrum?
2670 2716 2957 2787 Propterea
2999 2720 3149 2774 nobis
3195 2720 3403 2775 illorum
3434 2736 3655 2790 corpora
3680 2724 3878 2779 dereli-

2285 2804 2399 2872 quit
2451 2805 2634 2859 Deus:
2670 2817 2950 2876 pr0pterea
3001 2824 3120 2863 cum
3170 2812 3298 2864 olim
3356 2812 3596 2877 vicerint,
3647 2813 3876 2867 necdum

2287 2902 2465 2948 tamen
2514 2908 2938 2962 resurrexerunt,
2972 2899 3063 2953 sed
3109 2902 3400 2955 certamina
3448 2903 3662 2971 quidem
3710 2920 3740 2957 a
3775 2914 3877 2965 tam

2286 2984 2453 3038 multo
2486 2996 2723 3055 tempore
2767 2987 3064 3053 subierunt,
3098 2994 3542 3046 resurrectionem
3581 3009 3713 3048 vero
3742 3010 3877 3048 non—

2282 3077 2407 3130 dum
2438 3088 2559 3131 sunt
2587 3081 2919 3149 consequuti,
2951 3080 3187 3135 nondum
3218 3095 3437 3151 propter
3466 3094 3535 3148 te,
3562 3100 3626 3138 ac
3658 3098 3877 3155 propter

2292 3183 2433 3224 tuam
2463 3170 2766 3233 utilitatem,
2797 3184 2849 3225 ut
2879 3188 2999 3226 cum
3030 3174 3176 3226 illum
3204 3174 3454 3228 athletam
3486 3176 3577 3230 tibi
3601 3188 3727 3231 ante
3754 3193 3877 3231 ocu-

2287 3260 2366 3313 los
2396 3262 2659 3328 posueris,
2685 3262 2749 3315 ad
2781 3263 3026 3316 eumdem
3058 3279 3272 3318 cursum
3312 3266 3584 3319 exciteris.
3618 3266 3753 3320 Nam
3795 3270 3876 3321 isti

2283 3350 2497 3419 quidem
2548 3352 2750 3405 nullum
2782 3353 3159 3408 detrimentum
3191 3370 3254 3409 ex
3289 3355 3543 3410 dilatione
3580 3358 3875 3425 patiuntur,

2283 3450 2339 3493 at
2370 3442 2459 3495 tibi
2490 3445 2775 3497 maximam
2808 3443 2923 3497 lucc
2953 3464 2965 3494 (
3034 3446 3165 3499 -uSiO
3196 3447 3482 3500 utilitatem
3511 3448 3668 3516 parit.
3699 3448 3876 3518 Siqui-

2284 3532 2405 3589 dem
2439 3535 2510 3588 illi
2543 3545 2728 3605 postea
2775 3537 3057 3607 recipient,
3092 3538 3211 3593 licet
3242 3554 3383 3593 nunc
3433 3555 3535 3592 non
3579 3540 3873 3610 recipiant:

2284 3626 2422 3697 quod
2452 3627 2496 3680 si
2536 3642 2627 3681 eos
2672 3627 2737 3681 de
2766 3628 2942 3682 medio
2988 3668 2995 3679 .
3044 3644 3124 3683 ..;c
3167 3628 3486 3696 abripuisset
3517 3629 3876 3694 Deus,.multa

2286 3732 2383 3771 nos
2419 3717 2789 3771 cohortatione
2820 3717 3117 3787 solatioque
3162 3719 3440 3787 privasset,
3469 3719 3610 3787 quod
3657 3735 3725 3774 ex
3754 3736 3876 3775 san-

2284 3816 2495 3860 ctorum‘
2534 3808 2756 3861 istorum
2788 3810 3049 3876 sepulcris
3084 3809 3151 3862 ab
3182 3809 3482 3864 hominibus
3512 3814 3719 3866 cunctis
3750 3830 3874 3882 per-

2284 3898 2500 3965 cipitur.
2530 3898 2703 3965 Atque
2731 3913 2791 3951 ea
2824 3914 2941 3967 qua:
2969 3899 3213 3965 dicimus,
3238 3917 3332 3954 vos
3354 3910 3529 3955 vestro
3559 3905 3874 3963 testimonio

2283 3986 2661 4053 comproliatis.
2703 3986 2854 4054 Saepe
2884 4004 3112 4059 namque
3137 3992 3477 4059 quantumvis
3524 3992 3871 4058 minaremur.

2284 4079 2661 4144 blandiremur,
2712 4089 3036 4135 terreremus
3062 4125 3074 4144 ,
3107 4082 3540 4147 cohortaremur,
3589 4101 3695 4141 non
3730 4097 3872 4141 tanta

2289 4172 2417 4223 estis
2443 4170 2506 4223 ad
2536 4171 2796 4225 orandum
2827 4172 2985 4226 animi
3014 4172 3287 4227 alacritate
3316 4176 3568 4229 commoti
3604 4192 3702 4230 nec
3731 4182 3872 4233 exci-

2287 4262 2412 4323 tati;
2445 4276 2563 4314 cum
2598 4277 2723 4316 vero
2770 4262 2835 4315 ad
2886 4274 3178 4333 martyrum
3226 4264 3507 4318 ecclesiam
3552 4282 3646 4319 vos
3684 4279 3873 4321 contu-

2286 4352 2440 4414 listis,
2480 4354 2691 4407 nemine
2720 4353 3054 4420 consulente,
3095 4354 3207 4407 solo
3248 4365 3552 4409 sanctorum
3586 4368 3871 4426 conspecto

2284 4445 2552 4513 supulcro,
2594 4446 2839 4513 copiosos
2887 4447 3240 4517 lacrymarum
3284 4447 3455 4503 fontes
3504 4448 3785 4515 effudistis,
3821 4462 3871 4505 et

2287 4535 2422 4587 inter
2452 4536 2708 4589 erandutn
2737 4535 2946 4590 fervore
2978 4551 3080 4589 non
3110 4538 3362 4592 mediocri
3396 4539 3689 4593 cxarsistis.
3713 4542 3868 4610 Atqui

2287 4638 2463 4681 mutus
2494 4644 2705 4681 summo
2743 4643 2862 4682 eum
2896 4628 3109 4683 silentio
3132 4629 3275 4697 jacet
3315 4640 3516 4701 martyr
3544 4648 3559 4685 :
3590 4633 3714 4701 quid
3745 4650 3869 4703 ergo

2288 4718 2497 4772 tandem
2525 4728 2627 4782 est,
2652 4718 2793 4788 quod
2830 4720 3210 4774 conscientiam
3258 4722 3465 4789 pungit,
3497 4722 3788 4792 efficitque,
3817 4737 3869 4776 ut

2285 4811 2635 4881 lacrymarum
2668 4810 2926 4865 scatebrze
2972 4819 3237 4880 tamquam
3286 4827 3349 4867 ex
3384 4811 3529 4868 fonte
3562 4816 3869 4883 prosiliant?

2286 4902 2435 4969 Quod
2465 4902 2711 4955 nimirum
2740 4912 3001 4971 martyres
3033 4913 3215 4956 mente
3244 4905 3487 4967 versetis,
3520 4913 3573 4958 et
3599 4921 3779 4960 rerutn
3804 4907 3868 4961 ab

2287 4994 2387 5045 illis
2413 5003 2679 5062 gestarum
2713 4991 2866 5045 vobis
2910 4994 3162 5047 memoria
3193 4994 3489 5048 refricetur.
3521 4995 3650 5048 Nam
3680 5012 3865 5065 quem-

2287 5082 2569 5139 admodum
2618 5097 2903 5152 pauperes,
2931 5084 3017 5137 ubi
3047 5084 3236 5139 divites
3266 5085 3401 5139 alios
3430 5086 3656 5139 viderint
3699 5087 3749 5139 in
3794 5087 3869 5141 di-

2286 5176 2574 5245 gnitatihus
2602 5178 2945 5241 constitutos,
2973 5178 3222 5231 satellitio
3275 5178 3517 5247 stipatos,
3543 5178 3720 5234 multis
3773 5181 3869 5233 ho-

2289 5266 2505 5319 noribus
2550 5266 2616 5320 ab
2647 5266 2973 5336 lmperatore
2997 5268 3316 5334 cumulatos,
3343 5270 3470 5322 dum
3519 5269 3705 5325 melius
3746 5286 3869 5340 ege-

2288 5366 2476 5412 statem
2525 5372 2672 5411 suam
2722 5374 2788 5413 ex
2845 5359 3067 5413 aliorum
3122 5362 3471 5430 prosperitate
3524 5374 3867 5428 cognoscunt,

2289 5450 2687 5520 ingemiscant:
2731 5450 2801 5506 ita
2852 5466 2949 5505 nos
3000 5466 3209 5521 quoque
3256 5452 3382 5506 dum
3428 5463 3679 5521 quantam
3732 5456 3868 5524 apud

2290 5542 2658 5597 uiiiversorum
2691 5540 2891 5611 Regem
2939 5541 3102 5597 Deum
3152 5541 3395 5596 fiduciam
3451 5543 3680 5598 habeant
3726 5561 3865 5600 mar-

2290 5648 2456 5709 tyres,
2490 5638 2858 5704 recordamur,
2903 5646 3205 5709 quantoque
3251 5636 3535 5707 splendore
3580 5647 3634 5691 et
3680 5649 3868 5707 quanta

2292 5733 2458 5802 gloria
2500 5731 2753 5803 fulgeant,
2790 5740 3075 5802 nostraque
3104 5730 3256 5787 nobis
3306 5732 3359 5787 in
3405 5730 3715 5807 memoriam
3751 5746 3864 5805 pee-
