4082 6438
237 301 337 356 649

217 424 330 471 cata
356 410 618 482 redeunt,
641 408 768 466 dum
798 406 1074 478 penuriam
1101 415 1342 462 nostram
1373 399 1563 464 melius
1588 417 1660 461 ex
1688 403 1814 462 illo-

217 521 333 562 rum
377 503 587 575 opibus.
617 499 1115 563 animadvertimus,
1157 497 1402 557 dolemus
1447 506 1504 551 et
1547 496 1812 567 angimur,

220 599 338 652 ilum
383 592 765 664 intelligimus,
795 601 995 660 quanto
1025 590 1093 645 ab
1122 587 1228 644 illis
1275 587 1561 644 intervallo
1589 602 1814 674 separe-

220 704 333 744 mur
375 703 392 740 :
441 697 612 756 atque
662 683 768 738 hoc
807 692 910 750 est,
940 680 1082 754 quod
1131 680 1286 736 nobis
1336 679 1601 753 lacrymas
1645 679 1812 736 elicit.

214 781 502 850 Propterea
553 776 711 838 nobis
759 775 846 832 bic
890 788 1119 845 corpora
1164 771 1383 842 reliquit
1432 772 1610 839 Deus,
1659 780 1719 826 ut
1767 773 1814 828 si

207 870 422 941 quando
474 861 818 940 negotiorum
863 865 1040 932 turba,
1084 878 1444 934 curarumque
1471 862 1812 922 saecularium

208 962 494 1019 multitudo
526 961 694 1018 menti
723 967 926 1016 nostra:
950 957 1236 1028 caliginem
1267 957 1491 1034 multam
1537 955 1808 1023 oll'uderit,

204 1053 317 1111 sive
357 1068 428 1110 ex
471 1049 788 1112 domesticis
826 1048 941 1104 sive
972 1045 1204 1118 publicis
1248 1061 1319 1102 ex
1349 1047 1599 1118 negotiis,
1635 1048 1810 1117 qualia

203 1145 370 1204 multa
398 1145 558 1204 nasci
603 1143 780 1199 solent
822 1140 1206 1212 impedimenta
1236 1157 1250 1194 :
1293 1148 1404 1197 tum
1435 1139 1622 1200 relicta
1650 1139 1812 1196 domo

196 1252 268 1306 es
319 1238 456 1298 urbe
505 1237 736 1308 egressi,
785 1234 870 1294 bis
916 1233 1235 1290 tumultibus
1290 1232 1410 1290 vale
1456 1232 1698 1291 dicentes
1741 1231 1810 1287 ad

201 1339 498 1402 martyrum
531 1328 845 1389 ecclesiam.
871 1339 971 1385 nos
995 1323 1356 1391 conferamus,
1383 1337 1513 1382 aura
1565 1322 1656 1389 illa
1701 1323 1810 1394 spi-

200 1421 374 1477 rituali
417 1421 691 1485 fruamur,
739 1418 1028 1478 multarum
1073 1416 1483 1487 occupationum
1528 1414 1809 1471 oblivisca-

198 1529 336 1578 mur,
365 1513 557 1584 quiete
600 1526 702 1567 nos
727 1511 1083 1576 oblectemus,
1111 1523 1233 1566 cum
1276 1508 1479 1566 sanctis
1506 1523 1805 1576 versemur,

196 1619 294 1674 pro
321 1604 500 1662 salute
522 1613 709 1662 nostra
738 1601 1022 1674 przesidem
1052 1601 1408 1656 certaminum
1456 1600 1697 1670 ipsorum
1742 1615 1808 1656 ac

195 1704 598 1753 muneratorem
631 1710 868 1763 oremus,
885 1693 1081 1753 multas
1108 1707 1293 1763 preces
1321 1690 1623 1758 fundamus,
1641 1700 1805 1763 atque

194 1786 398 1842 liorutn-
419 1786 671 1843 omnium
720 1799 882 1855 opera
911 1799 1034 1844 cum
1079 1798 1218 1838 onus
1244 1782 1593 1839 conscientia:
1633 1782 1803 1853 depo-

199 1879 497 1942 suerimus,
528 1877 695 1936 multa
718 1890 840 1937 cum
865 1873 1033 1934 animi
1071 1877 1341 1944 voluptate
1364 1873 1583 1933 domum
1609 1873 1802 1932 iterum

195 1979 558 2030 revertamur.

259 2057 388 2114 Cum
418 2060 671 2130 portubus
699 2067 747 2113 et
772 2057 997 2130 fontibus
1019 2067 1386 2130 comparantur
1406 2059 1637 2129 reliquit:
1659 2057 1805 2113 Maro

192 2158 354 2219 tyrant
376 2166 399 2215 ;
422 2167 508 2205 res
549 2149 840 2221 spirituales
878 2149 1231 2207 distributione
1275 2159 1548 2215 crescunt;
1592 2149 1801 2223 indigne

192 2245 631 2298 conmmnicantes
662 2243 927 2314 puniendi.
955 2225 1030 2283 —¥-
1055 2241 1195 2297 Nihil
1225 2242 1371 2297 aliud
1417 2251 1542 2298 sunt
1593 2252 1790 2313 marty-

190 2350 303 2392 rum
329 2336 592 2404 capsulaa,
626 2350 787 2405 quam
812 2335 986 2390 securi
1015 2344 1224 2405 portus,
1252 2349 1316 2390 ac
1334 2334 1692 2406 spiritualium
1723 2336 1800 2392 la-

191 2425 349 2480 ticum
377 2427 557 2498 fontes
578 2467 594 2490 ,
622 2425 860 2481 inviolati
889 2440 1050 2495 opum
1079 2425 1318 2481 thesauri
1341 2468 1357 2491 ,
1386 2427 1474 2497 qui
1501 2442 1797 2498 numquam

191 2511 600 2572 exhauriuntur.
649 2518 714 2572 Et
733 2516 1188 2587 quemadmodum
1220 2525 1407 2587 portus
1453 2516 1580 2574 dum
1612 2517 1797 2572 multis

191 2604 438 2665 fluctibus
464 2605 819 2662 circumfusas
845 2621 1011 2661 naves
1041 2606 1336 2677 excipiunt,
1366 2605 1418 2663 in
1440 2615 1551 2661 tuto
1572 2622 1666 2663 eas
1685 2607 1793 2664 col-

188 2695 360 2750 locant
386 2714 400 2752 :
427 2697 512 2752 sic
558 2696 809 2751 nimirum
838 2705 892 2751 et
919 2704 1213 2766 martyrum
1234 2697 1487 2766 capsula},
1519 2696 1648 2752 dum
1683 2712 1791 2753 ste-

187 2785 458 2842 cularibus
487 2786 716 2857 negotiis
752 2785 1103 2842 circumfusas
1137 2787 1343 2846 animas
1381 2796 1595 2843 nostras
1641 2789 1793 2845 exci-

186 2875 370 2946 piunt,
403 2875 460 2930 iu
489 2876 659 2931 multa
681 2875 799 2932 illas
825 2876 1207 2946 tranquillitate
1239 2892 1303 2931 ac
1344 2878 1630 2933 securitate
1655 2894 1792 2936 con-

185 2965 451 3020 stituunt:
483 2974 541 3020 et
591 2964 1041 3035 quemadmodum
1084 2965 1384 3035 gelidarum
1417 2967 1591 3023 fontes
1619 2983 1791 3038 aqua-

185 3069 300 3108 rum
342 3053 546 3110 afﬂicta
591 3054 862 3110 laboribus
904 3062 960 3110 et
999 3055 1180 3110 calore
1211 3054 1420 3111 defessa
1447 3071 1672 3128 corpora
1699 3075 1790 3116 re-

185 3156 398 3202 creant:
429 3147 510 3204 sic
541 3147 790 3204 nimirum
812 3157 870 3202 et
915 3147 1031 3203 istas
1059 3148 1238 3218 pravis
1265 3147 1620 3205 inﬂammatas
1661 3150 1792 3207 affe-

189 3238 360 3293 ctibus
384 3237 598 3293 animas
623 3237 962 3308 refrigerant,
987 3247 1042 3293 et
1070 3238 1379 3295 obscmnam
1402 3235 1750 3309 cupiditatem
1769 3284 1784 3311 ,

186 3329 435 3385 invidiam
458 3329 806 3396 credentem,
839 3330 1082 3400 iramque
1126 3330 1420 3386 ferventem
1448 3371 1464 3398 ,
1490 3339 1545 3386 et
1587 3332 1632 3385 si
1660 3332 1787 3402 quid

186 3421 322 3476 aliud
345 3421 616 3491 ejusmodi
645 3423 918 3494 negotium
940 3421 1178 3487 facessit,
1205 3421 1321 3477 solo
1346 3433 1594 3492 aspectus
1623 3423 1787 3479 edant

185 3514 630 3585 etexstinguunt.
662 3513 946 3567 Enimvero
972 3511 1240 3567 thesauris
1288 3514 1448 3567 etiam
1475 3513 1632 3584 longe
1661 3523 1786 3571 sunt

185 3601 459 3670 potiores:
492 3600 755 3671 siquidem
799 3602 1148 3671 pecuniarum
1179 3600 1416 3656 thesauri
1437 3603 1600 3657 multa
1631 3603 1737 3659 illis
1765 3646 1781 3671 ,

186 3706 214 3746 s
243 3693 436 3764 quibus
481 3692 681 3747 inventi
727 3691 956 3759 fuerint,
1003 3702 1188 3749 creant
1233 3693 1508 3763 pericula,
1553 3710 1783 3767 cumque

186 3785 376 3840 multas
397 3784 554 3839 divisi
581 3784 632 3839 in
659 3795 835 3854 partes
865 3784 1083 3853 fuerint,
1111 3785 1375 3842 divisione
1422 3787 1734 3845 minuuntur
1763 3809 1779 3846 :

188 3875 272 3929 hic
299 3891 430 3930 vero
451 3875 586 3930 nihil
608 3875 712 3931 tale
738 3884 841 3943 est,
874 3875 969 3932 ed
999 3891 1199 3947 erpers
1227 3878 1452 3947 periculi
1489 3887 1573 3935 est
1597 3879 1782 3936 inven-

189 3965 297 4030 tio;
330 3981 507 4036 neque
551 3965 959 4022 diminutionem
1013 3955 1169 4022 all’ert
1225 3967 1457 4037 divisio,
1518 3970 1780 4043 planeque

187 4057 514 4111 contrarium
542 4058 740 4122 evenit,
772 4059 916 4128 quod
967 4059 1246 4114 sensilium
1277 4075 1458 4114 rerum
1489 4061 1774 4119 thesauris.

189 4146 317 4203 Nam
348 4150 426 4205 illi
455 4151 692 4222 quidem,
727 4162 784 4208 ut
825 4162 952 4209 ante
991 4153 1122 4219 dixi,
1172 4154 1218 4208 si
1245 4155 1439 4208 multas
1463 4154 1681 4213 dissecti
1723 4159 1776 4214 in

188 4250 363 4308 partes
393 4241 615 4310 fuerint,
645 4245 880 4300 minores
910 4244 1075 4311 ﬁunt;
1109 4245 1197 4300 isti
1238 4261 1369 4302 vero
1397 4261 1518 4302 cum
1548 4248 1602 4302 in
1631 4250 1774 4304 mul-

185 4338 265 4385 tos
294 4330 490 4386 fuerint
532 4333 798 4389 distributi
823 4343 1002 4402 ,.tum
1034 4317 1185 4390 suam
1228 4337 1397 4406 magis
1448 4337 1774 4407 opulentiam

181 4422 486 4477 ostendunt.
522 4422 666 4480 Talis
715 4424 912 4506 quippe
940 4441 1121 4481 rerum
1164 4434 1248 4482 est
1293 4426 1649 4497 spiritualium
1676 4447 1774 4485 na-

184 4519 294 4565 tura
319 4529 334 4578 ;
368 4513 742 4570 distributione
771 4517 987 4582 crescit,
1010 4524 1066 4572 et
1080 4517 1343 4572 divisione
1369 4518 1771 4590 multiplicatur.

182 4600 292 4657 Non
328 4604 399 4658 ita
446 4619 547 4660 nos
593 4614 741 4676 prata
797 4606 1104 4674 delectant,
1142 4607 1269 4663 dum
1317 4623 1468 4665 rosas
1500 4610 1776 4681 violasque

179 4695 500 4762 spectandas
547 4697 932 4766 suppeditant,
971 4714 1036 4754 ac
1079 4710 1373 4771 martyrum
1403 4702 1611 4767 tumuli,
1645 4702 1771 4758 dum

181 4799 465 4857 numquam
497 4799 916 4845 marcescentem
962 4800 1018 4845 et
1050 4791 1474 4849 indissolubilem
1495 4803 1772 4865 spectato-

178 4888 291 4929 rum
321 4879 520 4934 animis
549 4878 784 4936 all‘erunt
813 4882 1161 4952 voluptatem.

248 4967 300 5022 ‘5.
359 4967 572 5024 Thecas
602 4971 761 5041 igitur
812 4972 934 5042 illas
980 4988 1103 5028 cum
1152 4972 1258 5029 fide
1308 4975 1768 5046 complectamur,

182 5054 577 5114 inardcseamns
628 5069 827 5125 mente,
877 5064 1106 5131 gemitus
1162 5062 1569 5134 profundamus.
1606 5065 1769 5122 Multa

184 5157 300 5201 sunt
325 5165 356 5202 a
391 5149 545 5205 nobis
576 5149 810 5207 admissa
839 5151 1060 5218 delicta,
1101 5162 1157 5209 et
1185 5169 1378 5225 magna
1407 5164 1535 5213 sunt
1584 5166 1769 5211 nostra

183 5250 390 5306 peccata
414 5259 429 5296 :
452 5252 735 5312 propterea
765 5244 927 5298 multa
960 5243 1246 5311 medicina,
1285 5254 1341 5300 et
1369 5244 1608 5318 diligenti
1640 5262 1770 5303 con-

185 5325 408 5390 fessione
459 5335 786 5405 indigemus.
838 5334 1156 5391 Eﬂuderunt
1215 5339 1530 5409 sanguinem
1597 5344 1766 5399 sancti

183 5431 441 5493 martyres
462 5466 478 5488 ,
505 5425 647 5480 oculi
673 5426 750 5480 tui
780 5425 1047 5498 lacrymas
1076 5427 1171 5483 tibi
1199 5427 1516 5485 elfundant:
1546 5440 1770 5501 possunt

185 5518 236 5565 et
258 5511 506 5586 lacrymm
532 5523 876 5586 peccatorum
907 5532 1094 5589 rogum
1122 5521 1500 5590 exstinguere;
1536 5522 1767 5580 lacerata

189 5601 389 5661 fuerunt
416 5605 520 5662 illis
541 5607 729 5675 latera,
752 5608 1032 5665 carniﬁces
1050 5609 1298 5667 videbant
1323 5612 1762 5670 circumstantes:

193 5692 409 5766 ldipsnm
439 5707 494 5755 tu
521 5715 734 5773 quoque
757 5700 1016 5760 adversus
1049 5712 1190 5760 tuam
1220 5705 1601 5764 conscientiam
1624 5723 1764 5780 prae-

1257 270 1348 344 n's
1386 286 1674 350 SANCTIS
1713 285 2162 356 manemus
2199 285 2458 346 saeuo.

3423 289 3528 349 650

1924 407 2008 454 sta
2041 416 2056 454 :
2082 404 2342 464 rationem
2371 410 2642 474 tamquam
2660 402 3024 475 incorruptum
3049 403 3284 474 judiesm
3310 404 3365 461 in
3392 407 3531 462 solin

1918 489 2123 558 mentis
2147 490 2384 558 colloca,
2417 500 2472 548 et
2513 508 2633 564 quae
2659 507 2690 550 a
2739 503 2790 550 te
2837 496 3122 552 commissa
3173 504 3321 563 sunt,
3349 498 3530 553 omnia

1918 580 2107 658 profer
2134 585 2186 639 in
2223 584 2462 641 medium
2492 626 2510 651 ,
2559 600 2775 642 severas
2811 597 2876 642 ac
2905 587 3173 647 terribiles
3225 588 3529 660 prteficiens

1922 675 2275 746 cogitationes
2301 679 2556 748 peccatis.
2580 676 2866 738 obscmos
2900 678 3067 737 animi
3094 670 3275 736 motus
3301 683 3529 753 castiga,

1921 779 1988 820 ex
2020 766 2215 837 quibus
2243 779 2459 840 peccata
2471 761 2607 823 sunt
2627 777 2772 835 nata,
2800 778 2855 827 et
2876 771 3074 826 acriter
3091 771 3394 842 acerbeque
3417 783 3531 828 tor-

1919 866 2206 925 queantur.
2230 855 2288 914 Si
2315 873 2414 915 nos
2433 858 2506 915 ita
2525 857 2592 930 ad
2603 857 2864 930 judicium
2895 860 2951 916 in
2976 861 3342 932 nosmetipsos
3361 879 3526 919 exer-

1919 947 2149 1005 cendum
2178 964 2576 1024 comparemus,
2607 951 2943 1011 tremendum
2987 952 3115 1008 illud
3141 953 3374 1011 tribunal
3404 955 3528 1009 evi-

1920 1037 2175 1098 tabimus.
2203 1039 2276 1097 Ut
2315 1043 2461 1103 enim
2487 1043 2628 1102 scias
2645 1058 2792 1112 eum,
2824 1045 2914 1116 qui
2945 1046 3184 1116 seipsum
3215 1060 3360 1104 nunc
3380 1046 3525 1116 judi-

1918 1141 2025 1200 cat,
2044 1143 2098 1188 et
2125 1133 2486 1201 admissprum
2513 1144 2863 1208 peccaturum
2885 1151 3134 1195 severam
3168 1152 3200 1195 a
3252 1153 3312 1196 se
3359 1140 3525 1196 ratiu-

1919 1238 2042 1278 nem
2064 1224 2248 1298 exigit,
2280 1240 2470 1298 poenas
2496 1226 2550 1282 in
2577 1225 2813 1284 futurum
2845 1228 3068 1285 minime
3090 1227 3365 1298 daturum,
3396 1230 3522 1288 audi

1919 1306 2200 1374 testantem
2229 1317 2284 1374 id
2314 1312 2671 1384 ApOStolum:
2697 1320 2760 1378 Si
2786 1321 2921 1379 enim
2948 1321 3281 1394 nosmetipsos
3311 1322 3524 1394 judica-

1912 1425 2104 1476 remus,
2133 1427 2234 1466 non
2255 1412 2425 1479 utique
2453 1427 2485 1466 a
2515 1410 2738 1470 Domino
2769 1413 3125 1486 iudicaremur
3152 1413 3233 1485 (1.
3265 1411 3388 1471 Cor.
3426 1414 3517 1469 11.

1915 1497 2028 1570 51).
2052 1498 2482 1570 ,Βερωῑιοηάὸηε
2507 1504 2652 1556 enim
2680 1517 2798 1568 eos,
2845 1503 2934 1572 qui
2983 1503 3201 1574 indigne
3230 1502 3516 1573 mysterio-

1912 1605 2033 1646 rum
2061 1590 2260 1646 liebant
2280 1591 2591 1664 participes,
2636 1592 2708 1646 ita
2738 1591 2952 1648 dicebat
2986 1610 2999 1646 :
3036 1593 3138 1660 Qui
3161 1593 3439 1648 manducet
3467 1603 3520 1648 et

1911 1680 2036 1736 bibit
2064 1683 2292 1755 indigne,
2334 1700 2451 1739 reus
2494 1685 2588 1738 erit
2633 1686 2862 1755 corporis
2901 1695 2948 1740 et
2975 1686 3238 1756 sanguinis
3283 1684 3516 1741 Domini.

1911 1771 2044 1841 Ejus
2092 1783 2289 1833 _autem
2349 1776 2633 1833 verborum
2686 1775 2774 1831 hic
2809 1790 3020 1855 sensus
3089 1787 3172 1831 est
3204 1794 3220 1832 :
3247 1776 3520 1846 Quemad-

1909 1863 2130 1918 modum
2166 1865 2264 1931 illi,
2306 1866 2396 1936 qui
2434 1865 2618 1922 Jesum
2651 1866 3069 1934 crucifixerunt,
3103 1868 3308 1941 inquit,
3340 1870 3420 1925 sio
3465 1881 3519 1927 et

1911 1953 1985 2008 illi
2017 1954 2111 2023 qui
2144 1955 2359 2026 indigne
2387 1957 2521 2012 liunt
2546 1958 2928 2030 mysteriorum
2985 1959 3295 2030 participes,
3331 1976 3519 2031 poenas

1907 2043 2129 2101 dabunt.
2160 2046 2344 2118 Neque
2370 2065 2496 2104 vero
2521 2051 2864 2106 severitatem
2888 2033 3146 2107 orationis
3176 2052 3320 2109 illius
3355 2055 3512 2125 quis-

1906 2151 2067 2206 quam
2114 2137 2461 2193 condemnet.
2518 2139 2682 2214 Regia
2712 2141 2883 2197 vestis
2907 2149 2993 2198 est
3037 2157 3233 2212 corpus
3266 2141 3508 2200 Dbmini-

1906 2243 2028 2282 cum
2065 2247 2077 2282 :
2109 2245 2271 2300 porro
2291 2241 2346 2286 et
2374 2233 2464 2302 qui
2507 2233 2708 2305 regiam
2743 2249 3035 2306 purpuram
3081 2235 3418 2303 dilaceravit,
3460 2248 3515 2292 ct

1905 2319 1997 2389 qui
2029 2321 2276 2378 manibus
2327 2323 2619 2378 immundis
2650 2324 2982 2395 inquinavit,
3034 2327 3148 2396 pari
3180 2339 3300 2383 eam
3328 2338 3520 2382 contu-

1907 2412 2064 2466 mella
2095 2411 2424 2484 atl‘ecerunt;
2457 2416 2809 2486 quamobrem
2855 2427 2906 2475 et
2940 2418 3056 2490 pari
3083 2419 3351 2488 supplicio
3391 2420 3514 2490 ple-

1903 2511 2125 2558 ctuntur
2155 2521 2170 2560 :
2204 2505 2276 2559 ita
2314 2506 2455 2564 litict
2484 2506 2537 2561 in
2583 2521 2813 2577 corpore
2845 2507 3068 2565 Christi.
3099 2507 3272 2565 ιιιᾱωί
3297 2510 3514 2581 quidem

1901 2590 2034 2652 illud
2059 2594 2225 2650 clavis
2256 2597 2308 2650 in
2335 2611 2496 2657 cruce
2522 2597 2892 2670 disruperunt,
2911 2606 2970 2656 tu
2994 2614 3122 2656 vero
3142 2599 3270 2655 dum
3303 2601 3356 2655 in
3384 2616 3515 2672 pec-

1903 2684 2040 2738 catis
2068 2692 2126 2741 et
2178 2687 2456 2745 immunda
2499 2689 2676 2760 lingua
2726 2703 2790 2744 ac
2839 2701 3021 2746 mente
3050 2691 3401 2761 vivis:quam
3442 2693 3512 2746 ob

1902 2785 2120 2829 causam
2142 2784 2197 2831 et
2223 2777 2367 2832 idem
2411 2777 2501 2835 tibi
2531 2778 2855 2849 supplicium
2879 2779 3164 2836 imminere
3189 2780 3324 2835 dixit
3369 2781 3510 2836 Pau-

1898 2863 1984 2921 lus
2005 2905 2021 2931 ,
2049 2874 2104 2921 et
2132 2866 2318 2939 adjicit
2345 2867 2530 2926 dicens
2561 2886 2574 2922 :
2607 2867 2738 2924 Ideo
2776 2870 2907 2924 inter
2933 2885 3019 2924 uos
3036 2871 3182 2924 multi
3205 2870 3432 2939 inﬁrmi,
3461 2883 3509 2928 et

1897 2959 2191 3026 imbecilles,
2223 2969 2271 3013 et
2293 2960 2554 3014 dormiunt
2578 2961 2749 3017 multi.
2777 2962 3001 3030 Deinde,
3029 2971 3086 3018 ut
3105 2965 3353 3022 ostendat
3370 2967 3501 3030 fore,

1898 3059 1957 3104 ut
1985 3050 2075 3120 qui
2098 3060 2442 3121 peccatorum
2479 3052 2746 3112 rationem
2767 3067 2799 3108 a
2834 3054 3028 3124 seipsis
3053 3054 3273 3125 exigunt
3315 3055 3367 3110 in
3401 3058 3505 3112 hac

1895 3143 2026 3208 vita,
2056 3143 2183 3197 etin
2212 3157 2308 3197 sua
2334 3142 2530 3198 delicta
2545 3143 2806 3213 judicium
2829 3155 3107 3212 exercent,
3137 3163 3243 3204 nec
3269 3147 3502 3218 amplius

1895 3234 1950 3292 in
1976 3233 2168 3290 eadem
2197 3235 2466 3302 recidunt,
2493 3235 2653 3291 facile
2680 3237 2890 3306 possint
2915 3239 3251 3294 tremendam
3270 3239 3416 3295 illam
3446 3249 3502 3295 et

1898 3323 2293 3395 implacabilem
2339 3327 2662 3382 sententiam
2707 3327 2940 3384 futuram
2973 3330 3226 3397 evadere,
3255 3331 3502 3404 adjtnixit

1891 3415 2078 3473 dicens
2107 3435 2120 3472 :
2151 3416 2359 3473 Etenim
2381 3419 2424 3471 si
2469 3421 2802 3492 nosmetipsos
2820 3423 3196 3494 judicaremus,
3246 3443 3347 3482 non
3393 3431 3499 3483 uti-

1889 3525 1987 3577 que
1998 3509 2357 3580 judicaremur
2385 3527 2407 3569 :
2431 3498 2569 3567 nunc
2618 3523 2786 3569 autem
2811 3515 2931 3571 dum
2971 3518 3293 3588 judicamur,
3322 3537 3353 3575 a
3380 3521 3497 3577 Do-

1890 3600 2028 3654 mino
2054 3601 2381 3671 corripimur,
2403 3612 2588 3658 utnon
2636 3622 2750 3660 cum
2793 3609 2984 3663 mundo
3030 3610 3351 3669 damnentur.
3382 3594 3492 3669 No-

1888 3696 2057 3748 stram
2083 3690 2242 3761 igitur
2257 3701 2491 3748 mentem
2507 3702 2872 3765 torqueamus,
2895 3698 3125 3756 lascivas
3142 3703 3495 3774 cogitationes

1887 3782 2227 3852 castigemus,
2255 3785 2496 3840 maculas
2538 3795 2750 3842 nostras
2778 3789 3031 3860 lacrymis
3062 3791 3436 3865 abstergamus
3469 3816 3482 3852 :

1885 3886 2112 3942 magnus
2137 3874 2402 3944 ejusmodi
2427 3877 2736 3946 planctuum
2762 3878 2967 3936 fructus
2987 3890 3345 3955 est,magnum
3369 3890 3497 3943 sub-

1885 3963 2080 4020 sidium
2110 3976 2166 4022 et
2189 3967 2461 4024 solatium.
2494 3968 2567 4028 Ut
2587 3971 2730 4026 enim
2758 3972 2888 4027 risui
2916 3988 2980 4028 ac
3007 3973 3212 4032 deliciis
3231 3994 3490 4050 magnum

1883 4057 2200 4127 Supplicium
2229 4059 2491 4128 imminet,
2523 4063 2603 4118 sic
2622 4073 2676 4118 et
2696 4065 2946 4138 perennis
2975 4065 3218 4135 planctus
3242 4071 3490 4127 solatium

1885 4148 2026 4216 parit
2051 4166 2063 4202 :
2090 4147 2237 4204 Beati
2259 4151 2480 4223 quippe,
2505 4154 2592 4223 qui
2617 4155 2808 4226 lugent,
2828 4158 3068 4227 quoniam
3093 4162 3490 4218 consolabuntur

1885 4236 2103 4306 (Matth.
2136 4241 2191 4296 5.
2222 4240 2300 4312 5).
2339 4239 2428 4297 Vm
2452 4243 2556 4298 illis
2585 4245 2668 4313 qui
2698 4236 3146 4321 rident,lquonimn
3175 4251 3273 4321 ipsi
3297 4254 3492 4320 ﬂebunt

1885 4326 2040 4398 (L'uc.
2067 4329 2120 4384 6.
2151 4329 2268 4403 25).
2296 4330 2500 4388 Idcirco
2529 4335 2691 4389 etiam
2721 4335 2917 4390 Paulus
2946 4339 3159 4394 tametsi
3184 4337 3382 4396 nullius
3411 4347 3491 4400 si-

1881 4409 1935 4474 bi
1964 4423 2212 4478 conscius
2235 4425 2438 4494 peccati
2461 4435 2627 4494 esset,
2659 4428 2712 4483 in
2735 4429 2989 4501 lacrymis
3020 4440 3073 4487 et
3101 4426 3248 4490 luctu
3278 4445 3488 4508 tempus

1881 4527 2044 4569 omne
2075 4515 2410 4571 traducebat.
2455 4518 2587 4587 Quis
2633 4521 2739 4576 hoc
2773 4521 2948 4578 dicit?
2992 4524 3084 4580 llle
3107 4526 3221 4600 ipse
3251 4529 3331 4584 vir
3358 4531 3488 4586 beav

1882 4611 1968 4661 tus
1995 4621 2009 4658 :
2034 4603 2140 4660 Per
2167 4607 2476 4678 triennium,
2522 4610 2736 4682 inquit,
2778 4624 2923 4669 nocte
2964 4625 3011 4669 et
3046 4619 3128 4671 die
3151 4635 3253 4674 non
3299 4625 3490 4678 cessavi

1880 4711 1999 4752 cum
2046 4695 2286 4769 lacryntis
2315 4715 2524 4755 monens
2550 4718 2956 4774 unumquemque
2979 4717 3198 4762 vestrum
3223 4708 3357 4782 (Act.
3389 4714 3488 4773 20.

1879 4787 1994 4858 3i).
2015 4785 2110 4842 llle
2129 4803 2223 4858 per
2250 4788 2558 4858 triennium,
2589 4809 2689 4848 nos
2715 4794 2904 4849 saltem
2935 4796 3003 4852 ad
3021 4813 3260 4856 mensem
3282 4818 3444 4859 unum
3471 4824 3488 4861 :

1879 4879 1970 4936 ille
2001 4890 2160 4936 nocte
2184 4891 2238 4938 et
2261 4881 2369 4951 die,
2397 4885 2488 4941 ille
2510 4895 2733 4957 propter
2753 4889 2927 4946 aliena
2953 4901 3196 4961 peccata,
3229 4910 3328 4951 nos
3379 4900 3488 4953 sal-

1880 4980 1988 5027 tem
2052 4983 2274 5045 propter
2316 4987 2500 5036 sostra
2553 4978 2796 5034 delicta:
2852 4981 2942 5039 ille
2973 5045 2977 5048 ,
3006 4984 3208 5041 nullius
3256 4987 3335 5043 rei
3377 4989 3488 5047 sibi

1877 5063 2176 5134 conscius,
2222 5080 2322 5124 nos
2386 5069 2580 5126 saltem
2651 5078 2712 5126 ut
2777 5083 3022 5131 nostram
3095 5078 3491 5140 conscientiam

1876 5170 2042 5214 onere
2093 5173 2332 5228 pressam
2378 5158 2640 5217 levemus.
2692 5162 2809 5231 Qua
2851 5177 2979 5221 vero
3034 5165 3102 5222 de
3170 5183 3330 5226 causa
3365 5172 3487 5243 plo—

1822 5247 1825 5249 ’
1878 5249 2004 5304 rat?
2051 5264 2148 5304 cur
2196 5265 2305 5306 non
2355 5250 2516 5309 docet
2563 5261 2619 5310 et
2667 5253 2924 5312 admonet
2973 5266 3222 5325 tantum,
3277 5262 3372 5317 sed
3427 5275 3487 5320 et

1875 5340 2146 5414 lacrymas
2172 5343 2451 5416 adjungit?
2478 5345 2943 5415 Quemadmodum
2991 5361 3142 5422 pater
3170 5354 3483 5426 indulgens,

1875 5435 1966 5506 qvi
2013 5426 2185 5492 tilium
2233 5436 2396 5494 habet
2447 5440 2781 5511 unigenitum
2851 5443 3044 5500 morbo
3125 5461 3434 5519 correptum
3463 5498 3477 5518 ,

1875 5524 2270 5587 medicamenta
2333 5543 2444 5585 non
2492 5529 2865 5590 admittentem
2898 5575 2913 5600 ,
2960 5535 3056 5591 sed
3117 5537 3473 5608 rejicientem,

1874 5617 2120 5676 assidens
2197 5620 2275 5676 illi
2335 5621 2639 5693 blanditur,
2691 5625 3054 5693 deosculatur,
3133 5630 3474 5698 amplectitur

1876 5710 2129 5782 omnique
2174 5726 2371 5784 genere
2419 5714 2802 5776 blanditiarum
2845 5718 3063 5780 ﬂectere
3105 5729 3354 5789 conatur,
3406 5735 3476 5774 ae
