4082 6430
548 362 638 417 651

553 472 871 546 persuadere
898 511 915 535 ,
974 473 1032 519 ut
1088 452 1375 515 medicinae
1412 446 1663 506 remediis
1712 439 1956 497 morbum
2015 431 2140 486 velit

551 534 822 635 depellere
848 577 861 612 :
888 534 965 615 sic
987 564 1042 611 ct
1068 552 1262 608 Paulus
1293 556 1403 601 toto
1426 541 1700 609 dispersos
1720 534 1849 609 orbe
1878 538 2137 582 terrarum

558 619 737 713 ﬁdeles
754 661 1019 720 tamquam
1033 628 1359 712 unigenittu‘n
1374 635 1539 713 lilium
1557 641 1740 683 amore
1754 619 2138 691 complectens,

555 761 675 802 cum
702 741 962 813 plurimos
989 736 1189 801 videret
1217 730 1270 784 in
1303 708 1523 796 peccata,
1545 718 1840 790 prolapsos,
1867 718 1922 765 et
1950 708 2141 762 imme-

555 797 869 892 dicabilibus
891 798 1053 898 animi
1084 821 1284 879 morbis
1310 822 1607 885 correptos,
1636 805 1827 864 deinde
1856 797 2144 872 reprehen-

554 926 724 982 sionis
747 933 800 978 et
826 893 1191 989 castigationis
1220 883 1482 964 medelam
1524 916 1630 956 uon
1680 894 1997 954 admittere,
2047 883 2145 940 sed

557 1015 859 1086 repudiare,
889 983 1204 1067 ac'resilire,
1229 996 1479 1070 lacrymis
1505 1005 1600 1047 eos
1628 983 1920 1048 detinebat,
1951 986 2007 1032 ut
2021 989 2144 1031 cum

558 1065 794 1086 .-,---_
844 1065 858 1078 ,
1189 1065 1202 1067 _
1342 1065 1356 1070 _

554 1112 856 1177 gementem
899 1113 981 1163 ac,
1020 1098 1287 1165 lugentem
1332 1087 1480 1143 illum
1525 1082 1831 1137 cernerent,
1880 1073 1997 1140 ipso
2022 1065 2147 1136 ejus

558 1159 777 1267 aspectu
833 1159 1101 1247 commoti
1143 1181 1462 1240 medicinam
1520 1172 1759 1235 ferrent,
1808 1178 1874 1219 ac
1927 1159 2147 1231 depulsa

559 1283 877 1358 :cgritudine
909 1279 1183 1351 pristinam
1204 1268 1562 1327 valetudinem
1585 1260 1999 1329 recuperarent:
2027 1261 2149 1319 pro-

562 1390 744 1449 pterea
768 1386 991 1428 monens
1020 1379 1233 1435 semper
1260 1356 1665 1429 lacrymabatur.

897 1427 1173 1516 secundum
1206 1427 1385 1506 Deum.
1414 1475 1485 1486 —
1513 1440 1663 1510 Quod
1693 1437 1737 1494 si
1786 1440 1986 1490 tantam
2012 1427 2148 1482 alie-

565 1576 755 1617 norum
783 1561 1125 1630 peccatorum
1175 1557 1356 1599 curam
1409 1536 1548 1609 gerit
1580 1530 1800 1592 Paulus,
1824 1532 2023 1597 quanto
2050 1531 2150 1574 nos

564 1650 727 1704 animi
753 1643 932 1703 studio
958 1656 1055 1711 par
1083 1633 1251 1693 estad
1278 1639 1583 1685 nostrorum
1607 1617 2036 1679 emendationem
2063 1609 2150 1663 in-

562 1735 867 1795 cumbere?
905 1733 1093 1803 Magna
1135 1726 1276 1781 enim
1332 1722 1413 1776 vis
1459 1726 1541 1772 est
1590 1712 1815 1768 tristitia:
1856 1701 2150 1762 secundum

570 1832 757 1895 Deum,
791 1791 1111 1896 prodestque
1140 1816 1423 1886 plurimum
1449 1826 1464 1861 :
1493 1796 1635 1876 quod
1656 1815 1779 1856 cum
1807 1796 1963 1854 nobis
1991 1791 2153 1848 lsaias

566 1886 1078 1983 vellet'e-xponcre,
1110 1909 1182 1963 ita
1225 1900 1474 1963 dicebat,
1526 1896 1607 1948 vel
1658 1892 1833 1962 potius
1880 1886 2023 1970 Deus
2058 1897 2155 1952 per

568 2010 758 2064 Isaiam
784 2024 796 2057 :
830 2004 1047 2071 Propter
1071 2006 1329 2069 percolunt
1360 1990 1428 2043 ad
1449 1986 1702 2041 modicum
1728 1966 2015 2034 contristari
2039 1987 2154 2027 eum

570 2099 723 2169 (1ςαί.
747 2098 837 2152 57.
871 2065 985 2163 Π).
1011 2065 1089 2146 Ne
1112 2104 1205 2159 pro
1224 2083 1427 2139 meritis
1448 2076 1681 2148 quidem,
1710 2070 1900 2139 inquit,
1930 2065 2154 2121 delicto—

570 2204 689 2245 rum
716 2187 781 2241 ab
819 2200 885 2240 eo
913 2195 1098 2253 pennas
1125 2175 1296 2245 exegi.
1328 2173 1458 2226 Nam
1491 2170 1542 2222 in
1572 2175 1720 2221 recte
1752 2160 1904 2215 factis
1941 2154 2156 2226 quidem

574 2275 982 2337 remunerandis
1026 2272 1166 2328 Deus
1212 2262 1444 2337 prmmiis
1473 2260 1585 2315 suis
1637 2254 1854 2311 modum
1904 2244 2155 2311 excedit;

572 2388 693 2437 cum
726 2380 903 2423 autem
936 2372 1149 2436 peccata
1178 2354 1481 2427 castiganda
1512 2360 1631 2406 sunt
1661 2390 1677 2415 ,
1727 2360 1833 2417 pra:
1874 2338 2033 2395 nimia
2062 2351 2157 2392 sua

574 2434 902 2534 benignitate
929 2429 1139 2512 modico
1166 2448 1427 2529 supplicio
1474 2443 1667 2499 delicta
1712 2435 1975 2491 vindicat:
2001 2429 2159 2498 idque

574 2568 632 2609 nt
664 2556 765 2608 hoc
795 2552 913 2607 loco
934 2522 1198 2608 innueret,
1230 2540 1382 2604 dixit,
1419 2536 1638 2604 Propter
1672 2536 1929 2602 peccatum
1950 2522 2016 2575 art
2047 2536 2158 2572 mo-

575 2648 746 2699 dicum
774 2638 1063 2696 contristari
1099 2650 1213 2690 eum
1243 2649 1261 2687 :
1290 2640 1337 2686 et
1360 2628 1461 2682 vidi
1487 2666 1500 2689 ,
1532 2622 1650 2695 quin
1675 2619 1997 2674 contristatus
2044 2619 2118 2665 est
2143 2650 2159 2675 ,

573 2749 621 2791 et
648 2732 921 2788 ambulavit
947 2728 1121 2791 tristis,
1147 2734 1192 2778 et
1222 2723 1327 2777 vias
1366 2719 1475 2789 ejus
1498 2712 1671 2769 sanari
1706 2707 1811 2780 (Ib.
1835 2722 1883 2759 υ.
1903 2702 2017 2774 18).

650 2828 702 2881 4.
733 2824 892 2881 Vides
919 2831 973 2876 ut
1003 2790 1283 2874 celerrima
1314 2811 1401 2875 sit,
1430 2816 1484 2862 et
1523 2815 1731 2859 summa
1760 2798 1956 2853 utilitas
1989 2790 2161 2863 pinni-

581 2916 796 2975 tentim?
819 2914 953 2970 Cum
978 2922 1264 2983 parumper
1288 2918 1407 2960 eum
1433 2905 1649 2970 propter
1671 2897 1885 2963 peccata
1912 2886 2165 2954 castigas-
2234 2894 2235 2897 ‘

577 3029 718 3073 sem,
748 3006 938 3077 inquit,
971 3001 1219 3073 quoniam
1248 3004 1497 3050 ntmstum
1539 2990 1684 3043 illunt
1723 2999 1785 3038 ac
1814 2982 2016 3037 tristem
2043 2991 2163 3031 esse

580 3104 778 3160 factum
806 3098 935 3167 vidi,
967 3096 1126 3151 etiam
1148 3088 1409 3147 modicam
1430 3083 1572 3139 illam
1594 3091 1807 3151 pinnam
1834 3068 2163 3128 condonavi:

582 3198 717 3251 adeo
741 3200 1021 3268 promptus
1050 3202 1113 3242 ac
1133 3192 1348 3255 paratus
1378 3184 1459 3232 est
1486 3182 1543 3229 ut
1585 3166 1959 3227 reconcilietur
1990 3160 2169 3217 nobis~

581 3304 703 3343 cum
742 3251 987 3348 .Dcns,-ct
1013 3251 1349 3349 perexiguam
1383 3275 1585 3322 tantum
1613 3258 1950 3323 occasionem
1986 3251 2168 3322 requi—

586 3379 673 3433 rit.
700 3373 1038 3431 [’racbeamus
1064 3362 1305 3437 igiturilli
1328 3357 1662 3415 occasionem
1682 3347 1879 3405 amoris
1896 3359 2020 3414 erga
2044 3356 2162 3406 nos,

584 3478 639 3522 ct
665 3483 694 3521 a
719 3463 951 3536 peccatis
980 3475 1077 3514 nos
1100 3459 1367 3512 immunes
1390 3458 1713 3504 conservare
1743 3439 1971 3494 nitamur
1996 3453 2007 3487 :
2028 3431 2169 3504 quod

588 3562 633 3615 si
663 3561 799 3613 forte
821 3549 1149 3625 supplantati
1180 3546 1439 3601 fuerimus
1465 3532 1772 3608 aliquando,
1795 3531 1901 3584 cito
1952 3541 2175 3580 consur-

588 3664 797 3716 gamus,
830 3660 894 3700 ac
922 3642 1113 3698 delicta
1154 3646 1333 3692 nostra
1383 3630 1731 3688 vehementer
1769 3621 2044 3688 lugeamus
2069 3658 2084 3682 ,
2116 3623 2176 3691 ut

590 3738 839 3813 gaudium
871 3731 1163 3792 secundum
1213 3726 1374 3781 Deum
1406 3728 1816 3787 consequamur.
1845 3709 1901 3766 Si
1927 3708 2086 3764 enim
2108 3721 2175 3760 eo

591 3831 733 3900 quod
760 3827 1102 3883 contristatus
1118 3826 1277 3877 esset,
1306 3824 1359 3868 et
1384 3809 1678 3866 ambularet
1708 3811 1929 3879 rqmstus
1948 3840 1962 3866 ,
2007 3798 2172 3853 Deum

595 3921 695 3976 sibi
724 3914 1089 3973 reconciliavit
1120 3929 1133 3961 :
1163 3908 1251 3975 qui
1277 3904 1437 3960 etiam
1471 3901 1737 3967 lacrymas
1755 3891 1921 3956 addit,
1946 3902 2176 3955 eumque

598 4011 825 4066 maxima
852 4021 973 4060 cum
1000 4000 1160 4057 animi
1192 3994 1531 4051 contentione
1553 3998 1723 4050 vocat,
1756 3983 1880 4053 quid
1910 3997 2013 4035 non
2037 3993 2177 4048 pra:-

596 4102 797 4159 stabit?
830 4099 952 4154 Scio
976 4104 1206 4149 vestram
1230 4095 1461 4143 mentem
1481 4081 1859 4136 inflammatam
1890 4087 2041 4135 esse;
2090 4084 2181 4123 ve-

598 4212 716 4251 rum
745 4202 801 4247 ut
824 4192 963 4245 foras
982 4184 1214 4256 egressis
1235 4178 1387 4234 nobis
1415 4174 1572 4229 ardor
1590 4172 1688 4226 iste
1719 4184 1821 4222 non
1848 4164 2178 4231 refrigescat,

598 4288 693 4343 sed
739 4288 790 4340 in
840 4282 994 4339 nobis
1042 4276 1188 4331 illum
1217 4273 1493 4326 faveamus
1518 4305 1533 4330 ,
1571 4265 1671 4317 hoc
1699 4269 1933 4329 agamus.
1971 4250 2183 4306 Fertilis

597 4390 682 4437 est
710 4393 836 4447 ager
862 4372 1054 4428 mentis
1076 4374 1264 4421 vestra:
1288 4403 1301 4426 ,
1332 4359 1531 4415 semina
1573 4351 1793 4420 suscipit
1820 4356 1875 4402 et
1900 4342 2181 4400 confestim

603 4437 779 4541 spicas
806 4462 1071 4536 producit,
1106 4473 1212 4512 non
1266 4451 1463 4520 indiget
1502 4445 1751 4499 dilatione
1794 4437 1873 4491 vel
1908 4446 2181 4503 tempore:

604 4561 698 4617 sed
728 4556 995 4611 inimicum
1023 4555 1255 4602 vestrum
1274 4537 1586 4596 reformido.

680 4649 921 4706 Diabolus
959 4641 1216 4698 ecclesiam
1260 4651 1359 4689 non
1402 4626 1700 4701 ingreditur.
1751 4620 1982 4674 Lucerna
2010 4615 2189 4668 mentis

610 4737 1113 4801 doctrinm—Extra
1133 4728 1414 4787 ecclesiam
1457 4730 1560 4775 stat
1593 4715 1851 4778 diabolus,
1878 4710 2071 4780 quippe
2099 4721 2189 4760 sa-

610 4850 757 4892 crum
807 4829 947 4884 istud
1003 4828 1057 4879 in
1114 4821 1253 4876 ovile
1294 4832 1399 4871 non
1450 4810 1609 4865 audet
1646 4801 1996 4861 intrare:uhi
2047 4798 2190 4851 enim

612 4923 806 4983 Christi
834 4935 961 4989 grex
988 4924 1089 4981 est,
1115 4913 1271 4982 lupus
1298 4922 1402 4961 non
1424 4906 1718 4970 comparet,
1750 4892 1843 4950 sed
1884 4889 2015 4945 foris
2040 4896 2144 4943 stat
2172 4928 2188 4953 ,

611 5015 750 5087 quod
796 5021 1059 5083 pastorem
1086 4980 1415 5059 reformidet.
1448 4995 1502 5049 Si
1524 4988 1723 5062 egressi
1747 4988 1872 5041 hinc
1897 4980 2152 5036 fuerimus
2174 5020 2188 5042 ,

614 5122 680 5161 ne
711 5103 884 5158 statim
916 5112 1012 5155 nos
1037 5095 1101 5151 ad
1126 5088 1521 5159 intempestivos
1546 5092 1887 5153 congressus,
1917 5081 2005 5127 aut
2025 5071 2193 5123 otiosa

611 5195 878 5267 colloquia
927 5204 981 5249 et
1026 5186 1238 5257 inutiles
1266 5178 1640 5249 occupationes
1682 5170 2060 5226 traducamus;
2102 5159 2194 5214 sed

616 5292 742 5345 dum
776 5302 963 5341 recens
1006 5282 1182 5336 adhuc
1218 5276 1359 5345 viget.
1382 5273 1432 5324 in
1483 5267 1636 5322 nobis
1681 5275 1864 5319 eorum
1892 5272 2011 5328 qum
2058 5252 2197 5307 dicta

617 5392 743 5439 sunt
772 5376 1049 5441 memoria,
1076 5373 1290 5427 domum
1316 5372 1683 5435 prOpcremus,
1707 5363 1761 5411 et
1785 5366 1904 5407 cum
1931 5360 2095 5405 uxore
2137 5359 2200 5397 ac

622 5475 804 5530 liberis
824 5470 1018 5526 sedens
1040 5462 1403 5531 unusquisque
1437 5458 1681 5508 accurate
1700 5490 1713 5512 ,
1744 5458 1863 5513 qua:
1890 5435 2153 5494 audiverit
2183 5475 2198 5500 ,

628 5564 929 5622 meditetur.
982 5554 1133 5625 Quod
1174 5526 1217 5606 si
1270 5526 1484 5603 domum
1541 5537 1747 5610 regredi
1797 5530 1973 5588 nolitis
2006 5571 2019 5592 ,
2052 5526 2205 5581 vobis

622 5660 824 5719 amicos
851 5653 1100 5721 colligite,
1132 5656 1288 5715 atque
1320 5643 1373 5696 in
1400 5633 1831 5694 communionem
1870 5636 2054 5679 eorum
2086 5632 2206 5689 qua:

622 5749 897 5808 audieritis
914 5758 1007 5801 eos
1032 5748 1276 5798 vocantes
1301 5731 1542 5807 privatim
1556 5722 1847 5790 considetc,
1872 5727 2026 5788 atque
2045 5726 2208 5769 unus-

1258 340 1313 399 s.
1356 330 1634 395 mmsis
1663 302 2142 385 cnnvsosron't
2182 312 2498 369 ARCllliiP.
2540 300 3074 366 coxsraxrmur.

3738 283 3850 343 652

2252 429 2476 497 quisque
2506 422 2781 493 proferens
2805 434 2923 489 qua:
2953 413 3121 485 potuit
3146 407 3401 466 memoria
3428 417 3631 471 tenere,
3656 414 3850 456 rursus

2250 517 2471 573 alteram
2488 514 2742 570 doctrina:
2767 524 2933 564 sacra:
2956 507 3237 561 lectionem
3258 498 3537 563 instituite,
3554 510 3624 553 ne
3639 493 3847 549 frustra

2252 611 2340 667 hic
2362 607 2670 665 interfuisse
2713 601 2958 659 concioni
3002 595 3307 652 videamini.
3354 592 3595 648 Lucerna
3644 586 3851 656 quippe

2252 712 2377 758 sunt
2391 701 2485 756 Dei
2510 696 2753 751 mandata
2779 709 2793 746 :
2817 691 3080 761 siquidem
3105 686 3404 741 Mandatum
3433 679 3558 751 legis
3572 688 3645 733 est
3671 678 3848 730 lacer-

2237 811 2341 860 -na,
2355 804 2401 849 et
2421 793 2513 855 tua;
2537 801 2585 844 et
2602 791 2723 854 vita,
2742 795 2788 840 et
2803 781 3070 867 correptio,
3084 787 3130 845 et
3141 775 3411 844 disciplina
3433 771 3621 845 (Prov.
3634 770 3693 823 6.
3708 764 3806 837 25)
3831 778 3851 819 :

2254 899 2416 957 porro
2458 880 2549 953 qui
2590 864 3163 937 lucernam-accendit,
3213 882 3319 922 non
3367 864 3419 919 in
3462 861 3581 917 foro
3622 858 3853 923 residet,

2255 974 2351 1030 scd
2392 974 2608 1027 domum
2667 973 2919 1040 properat
2946 1006 2961 1031 ,
3009 978 3077 1016 ne
3121 969 3399 1015 ventorum
3455 953 3674 1009 incursu
3703 939 3852 1020 ignis

2254 1066 2654 1136 exstinguatur,
2688 1075 2821 1116 neve
2865 1058 3018 1127 longa
3056 1068 3205 1109 mora
3251 1050 3518 1105 dammam
3562 1046 3850 1101 absumat:

2256 1158 2325 1211 ita
2356 1128 2605 1211 nimirum
2632 1161 2687 1209 et
2722 1165 2820 1206 nos
2848 1148 3123 1204 faciamus.
3152 1143 3318 1199 Nobis
3359 1138 3586 1210 Spiritus
3631 1128 3856 1191 sanctus

2255 1265 2405 1305 snam
2445 1247 2741 1302 doctrinam
2782 1241 3062 1298 accendit:
3104 1235 3306 1307 egressi
3330 1247 3461 1303 ergo
3478 1240 3640 1300 atque
3667 1227 3854 1283 audito

2256 1354 2505 1396 sermone
2526 1336 2737 1409 repleti,
2765 1335 2878 1390 sive
2894 1331 3149 1393 amicum,
3170 1326 3285 1382 sive
3315 1324 3671 1395 propinquum
3690 1360 3709 1385 ,
3738 1320 3856 1374 sive

2255 1431 2630 1495 dnniesticum,
2655 1428 2769 1482 sive
2811 1424 2975 1479 alium
3000 1418 3241 1491 quemﬁs
3268 1414 3423 1470 nobis
3447 1411 3729 1467 videamus
3756 1422 3856 1463 oc-

2255 1539 2497 1590 cm-rere,
2526 1530 2927 1593 praetereamus.
2969 1528 3036 1570 ne
3054 1512 3100 1567 si
3125 1525 3245 1566 cum
3271 1508 3365 1562 illo
3390 1504 3763 1573 colloquamur
3786 1501 3857 1555 de

2258 1618 2419 1674 rebus
2452 1591 2723 1679 inutilibus
2756 1624 2821 1663 ac
2844 1604 3149 1676 super-fluis,
3180 1599 3437 1655 doctrinm
3458 1593 3614 1650 nobis
3634 1591 3855 1647 interim

2258 1711 2624 1779 exstinguatur
2652 1703 2806 1773 ignis,
2831 1698 2924 1754 sed
2947 1698 2999 1752 in
3022 1701 3199 1749 mente
3219 1700 3489 1759 tamquam
3512 1687 3564 1741 in
3586 1684 3755 1740 domo
3776 1684 3857 1738 vi-

2259 1812 2399 1873 geat,
2427 1774 2480 1854 et
2509 1799 2561 1852 in
2606 1792 2818 1850 sublimi
2862 1789 3067 1845 ratione
3110 1794 3379 1852 tamquam
3424 1779 3477 1833 in
3526 1774 3858 1833 candelabro

2260 1893 2486 1965 quodam
2512 1899 2800 1944 succensus
2818 1892 3028 1947 cuneta,
3075 1893 3191 1949 qua:
3215 1874 3359 1930 domi
3385 1878 3529 1938 sunt,
3565 1869 3858 1925 illuminet.

2262 1984 2563 2042 Absurdum
2606 1978 2750 2035 enim
2790 1987 2871 2034 est
2900 1976 2945 2030 si
2980 1973 3197 2028 domum
3236 1965 3452 2040 quidem
3482 1962 3693 2034 vesperi
3739 1962 3860 2017 sine

2264 2079 2477 2134 lucerna
2503 2086 2555 2129 et
2586 2072 2787 2127 lumine
2807 2083 2929 2124 esse
2957 2065 3096 2120 ferre
3126 2074 3473 2132 nequeamus,
3503 2058 3738 2113 animam
3758 2071 3861 2109 au-

2266 2184 2371 2229 tem
2415 2177 2694 2245 expertem
2720 2164 2980 2220 doctrinm
3016 2172 3319 2214 cernamus.
3348 2154 3479 2208 llinc
3509 2152 3663 2208 nobis
3691 2149 3861 2205 multa

2263 2273 2479 2339 peccata
2512 2269 2824 2323 nascuntur,
2862 2253 3002 2327 quod
3038 2266 3143 2306 non
3190 2248 3437 2305 celeriter
3458 2244 3651 2299 anima:
3678 2243 3863 2297 lucer-

2264 2334 2385 2413 nam
2415 2353 2810 2417 accendamus;
2849 2349 2973 2402 hinc
3000 2347 3057 2400 lit
3098 2352 3155 2398 ut
3197 2340 3421 2411 singulis
3462 2338 3654 2393 diebus
3683 2334 3863 2390 offen-

2264 2455 2490 2516 damus;
2541 2450 2665 2504 hinc
2714 2448 2771 2500 fit
2800 2454 2857 2500 ut
2911 2452 3112 2499 temere
3161 2447 3219 2495 et
3279 2434 3638 2507 perfumtorie
3691 2432 3863 2487 multa

2266 2552 2445 2599 mente
2488 2537 3042 2611 comprehendamus,
3086 2532 3227 2603 quod
3272 2527 3452 2583 audita
3502 2524 3654 2581 verbi
3689 2523 3867 2578 divini

2268 2639 2525 2701 lectione,
2629 2632 2939 2704 priusquam
3010 2633 3160 2680 extra
3232 2618 3472 2675 ecclesia:
3537 2613 3866 2670 vestibulum

2266 2730 2458 2803 pedem
2489 2724 2796 2788 efferamus,
2825 2737 2885 2776 ca
2914 2711 3550 2782 confesum‘ahjiciamus,
3579 2717 3635 2763 et
3659 2708 3871 2763 esstino

2268 2834 2355 2880 clo
2384 2820 2587 2877 lumine
2616 2818 2669 2872 in
2721 2813 2954 2869 tenebris
2982 2808 3337 2863 ambulemus.

2345 2916 2465 2972 Non
2495 2913 2675 2967 domus
2704 2904 2955 2970 ornanda,
2979 2905 3067 2956 sed
3094 2901 3282 2953 anima.
3311 2897 3466 2951 -Αι
3488 2895 3629 2950 enim
3654 2895 3702 2949 si
3729 2893 3873 2950 forte

2270 3007 2589 3079 contigerint
2617 2999 2801 3056 isthmc
2828 3005 2983 3052 antea
3004 3035 3018 3060 ,
3065 3007 3130 3047 nc
3155 2991 3405 3060 deinceps
3432 2984 3661 3057 amplius
3704 2984 3869 3051 tiant;

2272 3101 2368 3159 sed
2412 3109 2691 3153 accensam
2759 3092 2811 3146 in
2852 3094 3033 3143 mente
3080 3082 3349 3137 lucernam
3412 3092 3627 3145 semper
3671 3074 3876 3132 habea-

2275 3212 2415 3262 mus,
2465 3204 2520 3251 et
2557 3192 2788 3246 animam
2841 3185 3019 3256 potius
3065 3192 3223 3249 quam
3254 3174 3473 3230 domum
3520 3184 3875 3227 exornemus.

2274 3293 2400 3348 "me
2418 3289 2560 3345 enim
2580 3285 2666 3339 hic
2687 3286 2947 3342 remanet,
2973 3274 3128 3329 atilla
3150 3269 3427 3324 nobiscum
3453 3270 3728 3333 assumpta
3745 3260 3880 3319 hinc

2272 3380 2599 3440 discedimus
2628 3392 2639 3428 :
2664 3379 2945 3445 propterea
2989 3364 3107 3436 plus
3134 3362 3186 3415 in
3211 3374 3329 3414 eam
3363 3354 3739 3411 sollicitudinis
3767 3354 3877 3409 im-

2276 3472 2615 3548 pcndendum
2646 3443 2746 3523 est.
2776 3463 2894 3518 .lam
2919 3472 3044 3514 vero
3070 3451 3309 3510 nonnulli
3330 3456 3454 3504 sunt
3471 3447 3607 3501 adeo
3629 3443 3881 3500 infelices

2277 3584 2340 3623 ac
2365 3567 2561 3621 misere
2586 3557 2784 3619 alTecti,
2813 3561 2869 3607 ut
2894 3549 3037 3605 rudes
3057 3544 3271 3616 quidem
3296 3538 3471 3594 aureis
3501 3534 3875 3603 laquearibus,

2278 3671 2328 3716 ct
2356 3654 2631 3715 tesserulis
2657 3629 2959 3720 pavimento
2979 3640 3256 3702 distincto,
3280 3629 3487 3689 ﬂoridis
3505 3628 3751 3699 picturis,
3783 3640 3883 3681 co-

2250 3750 2253 3755 ’
2280 3754 2582 3819 lamnarum
2608 3741 2916 3813 splendore,
2941 3735 3165 3802 aliisque
3190 3725 3396 3783 cunctis
3434 3727 3719 3783 exornent,
3754 3718 3881 3772 ani—

2279 3860 2422 3900 mum
2455 3851 2630 3895 autem
2662 3837 2713 3890 in
2740 3830 2990 3889 deteriori
3030 3834 3169 3881 statu
3195 3834 3351 3893 quam
3388 3818 3663 3872 desertum
3695 3812 3883 3884 hospi-

2284 3942 2415 3993 tium
2446 3932 2839 3997 derelinquant,
2868 3924 3001 3982 luto,
3033 3917 3177 3971 fumo
3198 3929 3260 3992 ac
3298 3911 3467 3964 multo
3506 3907 3697 3960 fieture
3723 3920 3883 3956 rom-

2285 4032 2504 4103 pletnm,
2549 3994 2812 4095 planeque
2864 4014 3157 4068 desertum.
3212 4002 3475 4058 Caeterum
3522 3997 3641 4052 ideo
3668 3994 3889 4050 contin-

2284 4092 2412 4195 gnnt
2432 4092 2568 4173 luce-
2586 4113 2783 4173 omnia,
2812 4104 2951 4177 quod
2985 4100 3137 4157 nobis
3156 4094 3413 4151 doctrinm
3442 4092 3658 4145 lucerna
3686 4102 3888 4158 perpe-

2288 4228 2377 4271 tuo
2406 4228 2512 4268 non
2562 4203 2883 4263 accendatur
2911 4218 2923 4253 :
2956 4204 3233 4267 prOpterea
3274 4203 3392 4258 quae
3432 4183 3703 4239 fructuosa
3730 4189 3882 4245 sunt,

2288 4283 2715 4363 eontemnimus;
2746 4308 2863 4362 qua:
2882 4305 3010 4344 vero
3033 4284 3227 4340 nullius
3249 4276 3407 4349 pretii
3436 4284 3579 4337 sunt,
3610 4272 3661 4325 in
3687 4271 3778 4324 illa
3806 4268 3885 4323 di-

2290 4401 2511 4468 ligenter
2532 4388 2903 4446 incumhinms.
2936 4380 3059 4434 llaec
3086 4390 3189 4429 non
3220 4371 3286 4426 ad
3311 4368 3509 4424 divites
3537 4376 3768 4428 tantum,
3787 4361 3887 4417 sed

2294 4494 2452 4547 etiam
2481 4486 2545 4539 ad
2577 4492 2838 4559 pauperes
2872 4490 2901 4529 a
2928 4488 3013 4527 me
3041 4477 3165 4524 sunt
3208 4464 3368 4519 dicta.
3402 4460 3533 4516 Nam
3564 4468 3619 4513 et
3655 4456 3729 4510 illi
3758 4470 3886 4510 cum

2292 4587 2479 4641 domos
2504 4594 2627 4635 suas
2653 4590 2745 4646 pro
2767 4571 2877 4627 suis
2896 4566 3097 4621 viribus
3119 4559 3426 4628 frequenter
3453 4557 3736 4614 exornent,
3766 4547 3888 4601 ani-

2294 4694 2435 4735 mam
2472 4688 2624 4729 snam
2665 4666 2959 4737 neglectam
3011 4665 3067 4710 et
3095 4653 3356 4723 abiectam
3406 4658 3625 4700 manere
3665 4640 3891 4711 permit-

2297 4783 2411 4831 tnnt
2447 4791 2459 4824 :
2489 4781 2645 4839 qnam
2673 4764 2741 4816 oh
2792 4768 3007 4813 causam
3050 4758 3105 4805 et.
3129 4756 3464 4805 communem
3496 4738 3737 4803 utrisque
3764 4747 3893 4803 pro-

2298 4882 2434 4938 pono
2456 4860 2745 4917 doctrinam
2774 4857 3122 4907 commoneas
3138 4836 3552 4901 consulensque,
3578 4838 3893 4883 utcontem-

2300 4961 2400 5029 ptis
2446 4955 2602 5023 hnjns
2664 4949 2784 5001 vita:
2837 4939 3062 5009 negotiis
3102 4941 3268 4987 totum
3314 4927 3549 4984 studium
3603 4922 3656 4978 in
3708 4935 3892 4974 rerum

2298 5045 2646 5118 Spiritualium
2703 5052 2770 5091 ac
2830 5033 3217 5087 fructuosarum
3273 5034 3458 5074 curam
3525 5011 3892 5069 conferamus.

2301 5143 2568 5197 lntueatur
2596 5143 2797 5211 panper
2822 5123 3058 5185 viduam,
3112 5130 3229 5186 qnxe
3256 5111 3392 5165 duos
3438 5105 3625 5161 obolos
3650 5100 3897 5168 erogavit

2304 5235 2451 5306 (Luc.
2493 5229 2583 5282 2|.
2609 5190 2908 5292 ebenoque
2938 5214 3302 5282 paupertatem
3332 5199 3621 5255 arbitretur
3652 5190 3895 5260 negotia-

2306 5286 2433 5380 iioni
2498 5321 2852 5383 eleemosynze
2921 5319 2983 5359 ac
3043 5295 3382 5366 benignitatis
3450 5286 3897 5357 impedimentum

2307 5418 2560 5487 obiicere.
2589 5374 2779 5465 Julium
2809 5399 2908 5454 sibi
2944 5404 3105 5466 ponat
3131 5390 3201 5445 ob
3243 5388 3429 5440 oculos
3460 5381 3609 5435 dives
3629 5419 3645 5443 ,
3674 5385 3731 5430 ct
3758 5374 3902 5429 sicut

2312 5468 2392 5487 ν,
2429 5468 2439 5469 ,

2309 5512 2398 5565 ille
2417 5522 2518 5561 non
2549 5519 2642 5574 pro
2662 5515 2741 5560 se,
2760 5506 2944 5551 verum
2974 5502 3066 5558 pro
3085 5479 3404 5554 pauperibus
3426 5471 3604 5529 omnia
3636 5485 3731 5525 sua
3758 5468 3904 5522 bona

2312 5571 2632 5673 possidebat,
2686 5592 2752 5644 ia
2795 5598 2848 5642 et
2884 5586 2997 5652 ipse
3037 5578 3539 5642 faciatzpropterea
3568 5575 3800 5630 namque
3846 5571 3908 5611 se

2315 5661 2419 5758 illis
2447 5690 2637 5764 privari
2663 5686 2922 5759 patienter
2943 5678 3081 5743 tulit,
3111 5670 3250 5743 quod
3265 5678 3549 5739 antequam
3581 5661 3753 5728 relpsa
3775 5668 3910 5730 spe-
