  <div class='ocr_page' id='page_1' title='image "/cluster/home/n/w/nwhite01/storage/ocr_20150623/50/ien.35556001660778/252.png"; bbox 0 0 4082 6468; ppageno 0'>
   <div class='ocr_carea' id='block_1_1' title="bbox 198 437 296 492">
    <p class='ocr_par' dir='ltr' id='par_1_1' title="bbox 198 437 296 492">
     <span class='ocr_line' id='line_1_1' title="bbox 198 437 296 492; baseline 0.02 -2"><span class='ocrx_word' id='word_1_1' title='bbox 198 437 296 492; x_wconf 68' lang='lat'><strong>653</strong></span> 
     </span>
    </p>
   </div>
   <div class='ocr_carea' id='block_1_2' title="bbox 199 545 1802 620">
    <p class='ocr_par' dir='ltr' id='par_1_2' title="bbox 199 545 1802 620">
     <span class='ocr_line' id='line_1_2' title="bbox 199 545 1802 620; baseline 0.002 -18"><span class='ocrx_word' id='word_1_2' title='bbox 199 549 418 602; x_wconf 79' lang='lat' dir='ltr'><strong>liaretur</strong></span> <span class='ocrx_word' id='word_1_3' title='bbox 442 561 470 602; x_wconf 89' lang='lat' dir='ltr'><strong>a</strong></span> <span class='ocrx_word' id='word_1_4' title='bbox 497 545 710 604; x_wconf 80' lang='lat' dir='ltr'><strong>diabolo</strong></span> <span class='ocrx_word' id='word_1_5' title='bbox 733 589 748 611; x_wconf 86' lang='lat'><strong>,</strong></span> <span class='ocrx_word' id='word_1_6' title='bbox 781 547 1048 618; x_wconf 86' lang='lat' dir='ltr'><strong>jacturam</strong></span> <span class='ocrx_word' id='word_1_7' title='bbox 1093 563 1152 603; x_wconf 92' lang='lat' dir='ltr'><strong>se</strong></span> <span class='ocrx_word' id='word_1_8' title='bbox 1179 549 1390 604; x_wconf 89' lang='lat' dir='ltr'><strong>illorum</strong></span> <span class='ocrx_word' id='word_1_9' title='bbox 1423 564 1582 620; x_wconf 80' lang='lat' dir='ltr'><strong>posse</strong></span> <span class='ocrx_word' id='word_1_10' title='bbox 1627 550 1802 605; x_wconf 81' lang='lat' dir='ltr'><strong>lacere</strong></span> 
     </span>
    </p>
   </div>
   <div class='ocr_carea' id='block_1_3' title="bbox 200 639 1803 711">
    <p class='ocr_par' dir='ltr' id='par_1_3' title="bbox 200 639 1803 711">
     <span class='ocr_line' id='line_1_3' title="bbox 200 639 1803 711; baseline 0.004 -20"><span class='ocrx_word' id='word_1_11' title='bbox 200 639 484 694; x_wconf 84' lang='lat' dir='ltr'><strong>meditatus</strong></span> <span class='ocrx_word' id='word_1_12' title='bbox 511 649 674 695; x_wconf 90' lang='lat' dir='ltr'><strong>esset.</strong></span> <span class='ocrx_word' id='word_1_13' title='bbox 699 639 762 694; x_wconf 86' lang='lat' dir='ltr'><strong>Et</strong></span> <span class='ocrx_word' id='word_1_14' title='bbox 792 648 846 694; x_wconf 93' lang='lat' dir='ltr'><strong>tu</strong></span> <span class='ocrx_word' id='word_1_15' title='bbox 877 641 1036 710; x_wconf 78' lang='lat' dir='ltr'><strong>igitur</strong></span> <span class='ocrx_word' id='word_1_16' title='bbox 1059 654 1193 711; x_wconf 85' lang='lat' dir='ltr'><strong>epes</strong></span> <span class='ocrx_word' id='word_1_17' title='bbox 1221 649 1531 707; x_wconf 77' lang='lat' dir='ltr'><strong>contemne,</strong></span> <span class='ocrx_word' id='word_1_18' title='bbox 1550 640 1679 697; x_wconf 92' lang='lat' dir='ltr'><strong>dum</strong></span> <span class='ocrx_word' id='word_1_19' title='bbox 1707 641 1803 697; x_wconf 88' lang='lat' dir='ltr'><strong>ad-</strong></span> 
     </span>
    </p>
   </div>
   <div class='ocr_carea' id='block_1_4' title="bbox 199 729 1801 804">
    <p class='ocr_par' dir='ltr' id='par_1_4' title="bbox 199 729 1801 804">
     <span class='ocr_line' id='line_1_4' title="bbox 199 729 1801 804; baseline 0.003 -20"><span class='ocrx_word' id='word_1_20' title='bbox 199 737 339 793; x_wconf 83' lang='lat' dir='ltr'><strong>sunt,</strong></span> <span class='ocrx_word' id='word_1_21' title='bbox 370 738 452 797; x_wconf 90' lang='lat' dir='ltr'><strong>ut,</strong></span> <span class='ocrx_word' id='word_1_22' title='bbox 477 745 598 785; x_wconf 90' lang='lat' dir='ltr'><strong>cum</strong></span> <span class='ocrx_word' id='word_1_23' title='bbox 625 729 912 800; x_wconf 80' lang='lat' dir='ltr'><strong>aliquando</strong></span> <span class='ocrx_word' id='word_1_24' title='bbox 950 731 1142 787; x_wconf 76' lang='lat' dir='ltr'><strong>ablata:</strong></span> <span class='ocrx_word' id='word_1_25' title='bbox 1188 732 1409 799; x_wconf 77' lang='lat' dir='ltr'><strong>fuerint,</strong></span> <span class='ocrx_word' id='word_1_26' title='bbox 1464 748 1801 804; x_wconf 81' lang='lat' dir='ltr'><strong>nequaquam</strong></span> 
     </span>
    </p>
   </div>
   <div class='ocr_carea' id='block_1_5' title="bbox 197 821 1802 894">
    <p class='ocr_par' dir='ltr' id='par_1_5' title="bbox 197 821 1802 894">
     <span class='ocr_line' id='line_1_5' title="bbox 197 821 1802 894; baseline 0.004 -20"><span class='ocrx_word' id='word_1_27' title='bbox 197 822 383 877; x_wconf 88' lang='lat' dir='ltr'><strong>dolore</strong></span> <span class='ocrx_word' id='word_1_28' title='bbox 429 821 711 892; x_wconf 81' lang='lat' dir='ltr'><strong>frangaris.</strong></span> <span class='ocrx_word' id='word_1_29' title='bbox 755 823 1014 893; x_wconf 76' lang='lat' dir='ltr'><strong>Expende</strong></span> <span class='ocrx_word' id='word_1_30' title='bbox 1067 825 1184 880; x_wconf 90' lang='lat' dir='ltr'><strong>illas</strong></span> <span class='ocrx_word' id='word_1_31' title='bbox 1229 824 1282 879; x_wconf 92' lang='lat' dir='ltr'><strong>in</strong></span> <span class='ocrx_word' id='word_1_32' title='bbox 1328 841 1415 880; x_wconf 89' lang='lat' dir='ltr'><strong>res</strong></span> <span class='ocrx_word' id='word_1_33' title='bbox 1449 825 1629 894; x_wconf 89' lang='lat' dir='ltr'><strong>utiles,</strong></span> <span class='ocrx_word' id='word_1_34' title='bbox 1675 825 1802 882; x_wconf 90' lang='lat' dir='ltr'><strong>dum</strong></span> 
     </span>
    </p>
   </div>
   <div class='ocr_carea' id='block_1_6' title="bbox 197 915 1802 989">
    <p class='ocr_par' dir='ltr' id='par_1_6' title="bbox 197 915 1802 989">
     <span class='ocr_line' id='line_1_6' title="bbox 197 915 1802 989; baseline 0.002 -21"><span class='ocrx_word' id='word_1_35' title='bbox 197 924 511 984; x_wconf 85' lang='lat' dir='ltr'><strong>suppetunt,</strong></span> <span class='ocrx_word' id='word_1_36' title='bbox 539 921 598 969; x_wconf 88' lang='lat' dir='ltr'><strong>ut</strong></span> <span class='ocrx_word' id='word_1_37' title='bbox 617 957 634 982; x_wconf 94' lang='lat'><strong>,</strong></span> <span class='ocrx_word' id='word_1_38' title='bbox 678 929 801 970; x_wconf 91' lang='lat' dir='ltr'><strong>cum</strong></span> <span class='ocrx_word' id='word_1_39' title='bbox 827 925 1028 987; x_wconf 77' lang='lat' dir='ltr'><strong>erepta:</strong></span> <span class='ocrx_word' id='word_1_40' title='bbox 1049 915 1268 984; x_wconf 75' lang='lat' dir='ltr'><strong>iuerint,</strong></span> <span class='ocrx_word' id='word_1_41' title='bbox 1298 916 1501 987; x_wconf 74' lang='lat' dir='ltr'><strong>duplex</strong></span> <span class='ocrx_word' id='word_1_42' title='bbox 1534 917 1626 972; x_wconf 90' lang='lat' dir='ltr'><strong>tibi</strong></span> <span class='ocrx_word' id='word_1_43' title='bbox 1656 933 1802 989; x_wconf 75' lang='lat' dir='ltr'><strong>qna:-</strong></span> 
     </span>
    </p>
   </div>
   <div class='ocr_carea' id='block_1_7' title="bbox 193 1007 1803 1081">
    <p class='ocr_par' dir='ltr' id='par_1_7' title="bbox 193 1007 1803 1081">
     <span class='ocr_line' id='line_1_7' title="bbox 193 1007 1803 1081; baseline 0.003 -21"><span class='ocrx_word' id='word_1_44' title='bbox 193 1016 307 1063; x_wconf 84' lang='lat' dir='ltr'><strong>stus</strong></span> <span class='ocrx_word' id='word_1_45' title='bbox 335 1007 613 1073; x_wconf 84' lang='lat' dir='ltr'><strong>obveniat,</strong></span> <span class='ocrx_word' id='word_1_46' title='bbox 645 1017 757 1063; x_wconf 90' lang='lat' dir='ltr'><strong>tum</strong></span> <span class='ocrx_word' id='word_1_47' title='bbox 782 1010 854 1065; x_wconf 89' lang='lat' dir='ltr'><strong>oh</strong></span> <span class='ocrx_word' id='word_1_48' title='bbox 886 1019 1125 1080; x_wconf 88' lang='lat' dir='ltr'><strong>paratam</strong></span> <span class='ocrx_word' id='word_1_49' title='bbox 1157 1011 1252 1065; x_wconf 91' lang='lat' dir='ltr'><strong>tibi</strong></span> <span class='ocrx_word' id='word_1_50' title='bbox 1295 1010 1625 1078; x_wconf 89' lang='lat' dir='ltr'><strong>mercedem,</strong></span> <span class='ocrx_word' id='word_1_51' title='bbox 1660 1010 1803 1081; x_wconf 91' lang='lat' dir='ltr'><strong>quod</strong></span> 
     </span>
    </p>
   </div>
   <div class='ocr_carea' id='block_1_8' title="bbox 192 1099 1801 1176">
    <p class='ocr_par' dir='ltr' id='par_1_8' title="bbox 192 1099 1801 1176">
     <span class='ocr_line' id='line_1_8' title="bbox 192 1099 1801 1176; baseline 0.004 -24"><span class='ocrx_word' id='word_1_52' title='bbox 192 1113 287 1153; x_wconf 87' lang='lat' dir='ltr'><strong>eas</strong></span> <span class='ocrx_word' id='word_1_53' title='bbox 311 1099 518 1168; x_wconf 88' lang='lat' dir='ltr'><strong>optime</strong></span> <span class='ocrx_word' id='word_1_54' title='bbox 543 1100 881 1169; x_wconf 78' lang='lat' dir='ltr'><strong>expenderis,</strong></span> <span class='ocrx_word' id='word_1_55' title='bbox 914 1111 1026 1157; x_wconf 93' lang='lat' dir='ltr'><strong>tum</strong></span> <span class='ocrx_word' id='word_1_56' title='bbox 1055 1102 1125 1158; x_wconf 91' lang='lat' dir='ltr'><strong>ob</strong></span> <span class='ocrx_word' id='word_1_57' title='bbox 1170 1103 1484 1176; x_wconf 80' lang='lat' dir='ltr'><strong>aequisitam</strong></span> <span class='ocrx_word' id='word_1_58' title='bbox 1506 1119 1571 1158; x_wconf 81' lang='lat' dir='ltr'><strong>ex</strong></span> <span class='ocrx_word' id='word_1_59' title='bbox 1615 1118 1801 1158; x_wconf 85' lang='lat' dir='ltr'><strong>earum</strong></span> 
     </span>
    </p>
   </div>
   <div class='ocr_carea' id='block_1_9' title="bbox 191 1189 1802 1267">
    <p class='ocr_par' dir='ltr' id='par_1_9' title="bbox 191 1189 1802 1267">
     <span class='ocr_line' id='line_1_9' title="bbox 191 1189 1802 1267; baseline 0.002 -21"><span class='ocrx_word' id='word_1_60' title='bbox 191 1189 509 1264; x_wconf 86' lang='lat' dir='ltr'><strong>contemptu</strong></span> <span class='ocrx_word' id='word_1_61' title='bbox 543 1193 939 1265; x_wconf 76' lang='lat' dir='ltr'><strong>philosophiam</strong></span> <span class='ocrx_word' id='word_1_62' title='bbox 957 1205 1014 1250; x_wconf 89' lang='lat' dir='ltr'><strong>et</strong></span> <span class='ocrx_word' id='word_1_63' title='bbox 1047 1195 1380 1267; x_wconf 71' lang='lat' dir='ltr'><strong>patientiam,</strong></span> <span class='ocrx_word' id='word_1_64' title='bbox 1415 1211 1537 1267; x_wconf 78' lang='lat' dir='ltr'><strong>qua:</strong></span> <span class='ocrx_word' id='word_1_65' title='bbox 1560 1195 1658 1255; x_wconf 73' lang='lat' dir='ltr'><strong>tibi</strong></span> <span class='ocrx_word' id='word_1_66' title='bbox 1689 1203 1802 1250; x_wconf 91' lang='lat' dir='ltr'><strong>tum</strong></span> 
     </span>
    </p>
   </div>
   <div class='ocr_carea' id='block_1_10' title="bbox 192 1273 1802 1360">
    <p class='ocr_par' dir='ltr' id='par_1_10' title="bbox 192 1273 1802 1360">
     <span class='ocr_line' id='line_1_10' title="bbox 192 1273 1802 1360; baseline 0.001 -19"><span class='ocrx_word' id='word_1_67' title='bbox 192 1285 303 1341; x_wconf 85' lang='lat' dir='ltr'><strong>erit</strong></span> <span class='ocrx_word' id='word_1_68' title='bbox 325 1285 468 1351; x_wconf 88' lang='lat' dir='ltr'><strong>usui,</strong></span> <span class='ocrx_word' id='word_1_69' title='bbox 495 1300 616 1340; x_wconf 90' lang='lat' dir='ltr'><strong>cum</strong></span> <span class='ocrx_word' id='word_1_70' title='bbox 648 1273 754 1340; x_wconf 87' lang='lat' dir='ltr'><strong>illis</strong></span> <span class='ocrx_word' id='word_1_71' title='bbox 784 1285 949 1341; x_wconf 79' lang='lat' dir='ltr'><strong>fueris</strong></span> <span class='ocrx_word' id='word_1_72' title='bbox 990 1287 1299 1343; x_wconf 87' lang='lat' dir='ltr'><strong>destitutus.</strong></span> <span class='ocrx_word' id='word_1_73' title='bbox 1329 1287 1618 1360; x_wconf 88' lang='lat' dir='ltr'><strong>Propterea</strong></span> <span class='ocrx_word' id='word_1_74' title='bbox 1647 1302 1802 1342; x_wconf 81' lang='lat' dir='ltr'><strong>nam-</strong></span> 
     </span>
    </p>
   </div>
   <div class='ocr_carea' id='block_1_11' title="bbox 191 1378 1807 1447">
    <p class='ocr_par' dir='ltr' id='par_1_11' title="bbox 191 1378 1807 1447">
     <span class='ocr_line' id='line_1_11' title="bbox 191 1378 1807 1447; baseline 0.002 -17"><span class='ocrx_word' id='word_1_75' title='bbox 191 1391 302 1445; x_wconf 77' lang='lat' dir='ltr'><strong>que</strong></span> <span class='ocrx_word' id='word_1_76' title='bbox 337 1390 568 1446; x_wconf 58' lang='grc' dir='ltr'><strong>χρήματα</strong></span> <span class='ocrx_word' id='word_1_77' title='bbox 613 1378 855 1447; x_wconf 73' lang='lat' dir='ltr'><strong>pecunia:</strong></span> <span class='ocrx_word' id='word_1_78' title='bbox 899 1387 1193 1447; x_wconf 81' lang='lat' dir='ltr'><strong>vocantur,</strong></span> <span class='ocrx_word' id='word_1_79' title='bbox 1236 1390 1295 1434; x_wconf 89' lang='lat' dir='ltr'><strong>ut</strong></span> <span class='ocrx_word' id='word_1_80' title='bbox 1321 1379 1428 1435; x_wconf 84' lang='lat' dir='ltr'><strong>illis</strong></span> <span class='ocrx_word' id='word_1_81' title='bbox 1470 1387 1704 1444; x_wconf 83' lang='lat' dir='ltr'><strong>utamur,</strong></span> <span class='ocrx_word' id='word_1_82' title='bbox 1748 1385 1807 1434; x_wconf 88' lang='lat' dir='ltr'><strong>ut</strong></span> 
     </span>
    </p>
   </div>
   <div class='ocr_carea' id='block_1_12' title="bbox 190 1467 1801 1547">
    <p class='ocr_par' dir='ltr' id='par_1_12' title="bbox 190 1467 1801 1547">
     <span class='ocr_line' id='line_1_12' title="bbox 190 1467 1801 1547; baseline 0.002 -25"><span class='ocrx_word' id='word_1_83' title='bbox 190 1467 372 1531; x_wconf 80' lang='lat' dir='ltr'><strong>decet,</strong></span> <span class='ocrx_word' id='word_1_84' title='bbox 395 1482 501 1522; x_wconf 87' lang='lat' dir='ltr'><strong>non</strong></span> <span class='ocrx_word' id='word_1_85' title='bbox 521 1477 578 1522; x_wconf 92' lang='lat' dir='ltr'><strong>ut</strong></span> <span class='ocrx_word' id='word_1_86' title='bbox 598 1482 692 1522; x_wconf 90' lang='lat' dir='ltr'><strong>eas</strong></span> <span class='ocrx_word' id='word_1_87' title='bbox 716 1467 1056 1547; x_wconf 62' lang='lat' dir='ltr'><strong>defodiamus</strong></span> <span class='ocrx_word' id='word_1_88' title='bbox 1084 1487 1099 1524; x_wconf 89' lang='lat'><strong>:</strong></span> <span class='ocrx_word' id='word_1_89' title='bbox 1126 1471 1494 1540; x_wconf 83' lang='lat' dir='ltr'><strong>possessiones</strong></span> <span class='ocrx_word' id='word_1_90' title='bbox 1514 1479 1801 1542; x_wconf 83' lang='lat' dir='ltr'><strong>prepterea</strong></span> 
     </span>
    </p>
   </div>
   <div class='ocr_carea' id='block_1_13' title="bbox 192 1558 1801 1635">
    <p class='ocr_par' dir='ltr' id='par_1_13' title="bbox 192 1558 1801 1635">
     <span class='ocr_line' id='line_1_13' title="bbox 192 1558 1801 1635; baseline 0.003 -23"><span class='ocrx_word' id='word_1_91' title='bbox 192 1558 466 1625; x_wconf 75' lang='lat' dir='ltr'><strong>dicuntur,</strong></span> <span class='ocrx_word' id='word_1_92' title='bbox 498 1567 559 1614; x_wconf 91' lang='lat' dir='ltr'><strong>ut</strong></span> <span class='ocrx_word' id='word_1_93' title='bbox 584 1573 688 1615; x_wconf 86' lang='lat' dir='ltr'><strong>nos</strong></span> <span class='ocrx_word' id='word_1_94' title='bbox 710 1573 805 1615; x_wconf 87' lang='lat' dir='ltr'><strong>eas</strong></span> <span class='ocrx_word' id='word_1_95' title='bbox 833 1559 1225 1631; x_wconf 84' lang='lat' dir='ltr'><strong>possideamus,</strong></span> <span class='ocrx_word' id='word_1_96' title='bbox 1258 1577 1365 1616; x_wconf 87' lang='lat' dir='ltr'><strong>non</strong></span> <span class='ocrx_word' id='word_1_97' title='bbox 1391 1561 1460 1617; x_wconf 90' lang='lat' dir='ltr'><strong>ab</strong></span> <span class='ocrx_word' id='word_1_98' title='bbox 1486 1562 1590 1618; x_wconf 88' lang='lat' dir='ltr'><strong>illis</strong></span> <span class='ocrx_word' id='word_1_99' title='bbox 1627 1561 1801 1635; x_wconf 80' lang='lat' dir='ltr'><strong>possi-</strong></span> 
     </span>
    </p>
   </div>
   <div class='ocr_carea' id='block_1_14' title="bbox 195 1649 1804 1724">
    <p class='ocr_par' dir='ltr' id='par_1_14' title="bbox 195 1649 1804 1724">
     <span class='ocr_line' id='line_1_14' title="bbox 195 1649 1804 1724; baseline 0.002 -20"><span class='ocrx_word' id='word_1_100' title='bbox 195 1652 448 1707; x_wconf 81' lang='lat' dir='ltr'><strong>deamur.</strong></span> <span class='ocrx_word' id='word_1_101' title='bbox 473 1651 730 1709; x_wconf 83' lang='lat' dir='ltr'><strong>Dominus</strong></span> <span class='ocrx_word' id='word_1_102' title='bbox 758 1669 820 1709; x_wconf 86' lang='lat' dir='ltr'><strong>es</strong></span> <span class='ocrx_word' id='word_1_103' title='bbox 836 1653 1180 1724; x_wconf 77' lang='lat' dir='ltr'><strong>pecuniarum</strong></span> <span class='ocrx_word' id='word_1_104' title='bbox 1197 1649 1502 1719; x_wconf 82' lang='lat' dir='ltr'><strong>multarum,</strong></span> <span class='ocrx_word' id='word_1_105' title='bbox 1529 1653 1642 1709; x_wconf 88' lang='lat' dir='ltr'><strong>noli</strong></span> <span class='ocrx_word' id='word_1_106' title='bbox 1672 1669 1804 1724; x_wconf 88' lang='lat' dir='ltr'><strong>ergo</strong></span> 
     </span>
    </p>
   </div>
   <div class='ocr_carea' id='block_1_15' title="bbox 195 1744 1804 1815">
    <p class='ocr_par' dir='ltr' id='par_1_15' title="bbox 195 1744 1804 1815">
     <span class='ocr_line' id='line_1_15' title="bbox 195 1744 1804 1815; baseline 0.002 -16"><span class='ocrx_word' id='word_1_107' title='bbox 195 1744 304 1799; x_wconf 86' lang='lat' dir='ltr'><strong>illis</strong></span> <span class='ocrx_word' id='word_1_108' title='bbox 347 1744 574 1810; x_wconf 78' lang='lat' dir='ltr'><strong>servire,</strong></span> <span class='ocrx_word' id='word_1_109' title='bbox 623 1760 851 1815; x_wconf 88' lang='lat' dir='ltr'><strong>quorum</strong></span> <span class='ocrx_word' id='word_1_110' title='bbox 899 1746 1176 1801; x_wconf 89' lang='lat' dir='ltr'><strong>dominum</strong></span> <span class='ocrx_word' id='word_1_111' title='bbox 1214 1755 1267 1802; x_wconf 88' lang='lat' dir='ltr'><strong>te</strong></span> <span class='ocrx_word' id='word_1_112' title='bbox 1304 1747 1581 1802; x_wconf 76' lang='lat' dir='ltr'><strong>constituit</strong></span> <span class='ocrx_word' id='word_1_113' title='bbox 1621 1747 1804 1803; x_wconf 89' lang='lat' dir='ltr'><strong>Deus:</strong></span> 
     </span>
    </p>
   </div>
   <div class='ocr_carea' id='block_1_16' title="bbox 197 1871 636 1881">
    <p class='ocr_par' dir='ltr' id='par_1_16' title="bbox 197 1871 636 1881">
     <span class='ocr_line' id='line_1_16' title="bbox 197 1871 636 1881; baseline 0.005 -2"><span class='ocrx_word' id='word_1_114' title='bbox 197 1871 448 1880; x_wconf 69' lang='lat'><strong>.——-—.———</strong></span> <span class='ocrx_word' id='word_1_115' title='bbox 463 1872 636 1881; x_wconf 59' lang='grc' dir='ltr'><strong>ο-..-</strong></span> 
     </span>
    </p>
   </div>
   <div class='ocr_carea' id='block_1_17' title="bbox 649 1874 979 1882">
    <p class='ocr_par' dir='ltr' id='par_1_17' title="bbox 649 1874 979 1882">
     <span class='ocr_line' id='line_1_17' title="bbox 649 1874 979 1882; baseline 0.003 -2"><span class='ocrx_word' id='word_1_116' title='bbox 649 1874 979 1882; x_wconf 70' lang='lat'><strong>————_..—————</strong></span> 
     </span>
    </p>
   </div>
   <div class='ocr_carea' id='block_1_18' title="bbox 982 1873 1392 1881">
    <p class='ocr_par' dir='ltr' id='par_1_18' title="bbox 982 1873 1392 1881">
     <span class='ocr_line' id='line_1_18' title="bbox 982 1873 1392 1881; baseline -0.005 0"><span class='ocrx_word' id='word_1_117' title='bbox 982 1873 1369 1881; x_wconf 69' lang='lat'><strong>~—_—_—-——</strong></span> <span class='ocrx_word' id='word_1_118' title='bbox 1379 1874 1392 1878; x_wconf 85' lang='lat'>_</span> 
     </span>
    </p>
   </div>
   <div class='ocr_carea' id='block_1_19' title="bbox 1400 1873 1601 1881">
    <p class='ocr_par' dir='ltr' id='par_1_19' title="bbox 1400 1873 1601 1881">
     <span class='ocr_line' id='line_1_19' title="bbox 1400 1873 1601 1881; baseline 0 -2"><span class='ocrx_word' id='word_1_119' title='bbox 1400 1873 1601 1881; x_wconf 59' lang='lat' dir='ltr'>W</span> 
     </span>
    </p>
   </div>
   <div class='ocr_carea' id='block_1_20' title="bbox 1609 1872 1772 1879">
    <p class='ocr_par' dir='ltr' id='par_1_20' title="bbox 1609 1872 1772 1879">
     <span class='ocr_line' id='line_1_20' title="bbox 1609 1872 1772 1879; baseline -0.012 0"><span class='ocrx_word' id='word_1_120' title='bbox 1609 1872 1772 1879; x_wconf 51' lang='grc' dir='ltr'><strong>-ης</strong></span> 
     </span>
    </p>
   </div>
   <div class='ocr_carea' id='block_1_21' title="bbox 1103 434 2535 501">
    <p class='ocr_par' dir='ltr' id='par_1_21' title="bbox 1103 434 2535 501">
     <span class='ocr_line' id='line_1_21' title="bbox 1103 434 2535 501; baseline 0.003 -9"><span class='ocrx_word' id='word_1_121' title='bbox 1103 434 1239 492; x_wconf 72' lang='lat' dir='ltr'><strong>NON</strong></span> <span class='ocrx_word' id='word_1_122' title='bbox 1283 436 1451 493; x_wconf 77' lang='lat' dir='ltr'><strong>ESSE</strong></span> <span class='ocrx_word' id='word_1_123' title='bbox 1492 436 1585 492; x_wconf 82' lang='lat' dir='ltr'><strong>AD</strong></span> <span class='ocrx_word' id='word_1_124' title='bbox 1625 437 1939 495; x_wconf 72' lang='lat' dir='ltr'><strong>GRATIAM</strong></span> <span class='ocrx_word' id='word_1_125' title='bbox 1979 438 2535 501; x_wconf 67' lang='lat' dir='ltr'><strong>CONCIONANDUM.</strong></span> 
     </span>
    </p>
   </div>
   <div class='ocr_carea' id='block_1_22' title="bbox 3404 446 3506 504">
    <p class='ocr_par' dir='ltr' id='par_1_22' title="bbox 3404 446 3506 504">
     <span class='ocr_line' id='line_1_22' title="bbox 3404 446 3506 504; baseline 0.02 -2"><span class='ocrx_word' id='word_1_126' title='bbox 3404 446 3506 504; x_wconf 67' lang='lat'><strong>633$</strong></span> 
     </span>
    </p>
   </div>
   <div class='ocr_carea' id='block_1_23' title="bbox 1907 554 3515 628">
    <p class='ocr_par' dir='ltr' id='par_1_23' title="bbox 1907 554 3515 628">
     <span class='ocr_line' id='line_1_23' title="bbox 1907 554 3515 628; baseline 0.004 -22"><span class='ocrx_word' id='word_1_127' title='bbox 1907 566 2014 606; x_wconf 91' lang='lat' dir='ltr'><strong>non</strong></span> <span class='ocrx_word' id='word_1_128' title='bbox 2039 554 2242 609; x_wconf 83' lang='lat' dir='ltr'><strong>servies</strong></span> <span class='ocrx_word' id='word_1_129' title='bbox 2281 565 2484 624; x_wconf 88' lang='lat' dir='ltr'><strong>autem,</strong></span> <span class='ocrx_word' id='word_1_130' title='bbox 2516 555 2579 622; x_wconf 88' lang='lat' dir='ltr'><strong>si,</strong></span> <span class='ocrx_word' id='word_1_131' title='bbox 2617 564 2674 611; x_wconf 91' lang='lat' dir='ltr'><strong>nt</strong></span> <span class='ocrx_word' id='word_1_132' title='bbox 2720 556 2897 622; x_wconf 86' lang='lat' dir='ltr'><strong>decet,</strong></span> <span class='ocrx_word' id='word_1_133' title='bbox 2932 557 3048 612; x_wconf 83' lang='lat' dir='ltr'><strong>illas</strong></span> <span class='ocrx_word' id='word_1_134' title='bbox 3079 556 3374 628; x_wconf 76' lang='lat' dir='ltr'><strong>expendas,</strong></span> <span class='ocrx_word' id='word_1_135' title='bbox 3409 575 3515 613; x_wconf 87' lang='lat' dir='ltr'><strong>non</strong></span> 
     </span>
    </p>
   </div>
   <div class='ocr_carea' id='block_1_24' title="bbox 1910 635 3514 716">
    <p class='ocr_par' dir='ltr' id='par_1_24' title="bbox 1910 635 3514 716">
     <span class='ocr_line' id='line_1_24' title="bbox 1910 635 3514 716; baseline 0.006 -20"><span class='ocrx_word' id='word_1_136' title='bbox 1910 635 2056 697; x_wconf 89' lang='lat' dir='ltr'><strong>humi</strong></span> <span class='ocrx_word' id='word_1_137' title='bbox 2083 643 2341 700; x_wconf 76' lang='lat' dir='ltr'><strong>defudias.</strong></span> <span class='ocrx_word' id='word_1_138' title='bbox 2366 646 2508 701; x_wconf 84' lang='lat' dir='ltr'><strong>Nihil</strong></span> <span class='ocrx_word' id='word_1_139' title='bbox 2535 647 2604 701; x_wconf 88' lang='lat' dir='ltr'><strong>ita</strong></span> <span class='ocrx_word' id='word_1_140' title='bbox 2622 647 2886 703; x_wconf 83' lang='lat' dir='ltr'><strong>lubricum</strong></span> <span class='ocrx_word' id='word_1_141' title='bbox 2915 658 3019 709; x_wconf 88' lang='lat' dir='ltr'><strong>est.</strong></span> <span class='ocrx_word' id='word_1_142' title='bbox 3049 658 3106 702; x_wconf 91' lang='grc' dir='ltr'><strong>ιιι</strong></span> <span class='ocrx_word' id='word_1_143' title='bbox 3127 649 3360 716; x_wconf 67' lang='lat' dir='ltr'><strong>divitiae;</strong></span> <span class='ocrx_word' id='word_1_144' title='bbox 3385 650 3514 705; x_wconf 84' lang='lat' dir='ltr'><strong>nihil</strong></span> 
     </span>
    </p>
   </div>
   <div class='ocr_carea' id='block_1_25' title="bbox 1909 735 3512 810">
    <p class='ocr_par' dir='ltr' id='par_1_25' title="bbox 1909 735 3512 810">
     <span class='ocr_line' id='line_1_25' title="bbox 1909 735 3512 810; baseline 0.003 -22"><span class='ocrx_word' id='word_1_145' title='bbox 1909 735 1980 788; x_wconf 90' lang='lat' dir='ltr'><strong>ita</strong></span> <span class='ocrx_word' id='word_1_146' title='bbox 2011 735 2269 792; x_wconf 84' lang='lat' dir='ltr'><strong>mutabile</strong></span> <span class='ocrx_word' id='word_1_147' title='bbox 2293 746 2397 805; x_wconf 89' lang='lat' dir='ltr'><strong>est,</strong></span> <span class='ocrx_word' id='word_1_148' title='bbox 2447 747 2506 792; x_wconf 94' lang='lat' dir='ltr'><strong>ut</strong></span> <span class='ocrx_word' id='word_1_149' title='bbox 2552 753 2702 810; x_wconf 84' lang='lat' dir='ltr'><strong>opes.</strong></span> <span class='ocrx_word' id='word_1_150' title='bbox 2737 738 2964 808; x_wconf 81' lang='lat' dir='ltr'><strong>Quando</strong></span> <span class='ocrx_word' id='word_1_151' title='bbox 2994 739 3156 808; x_wconf 74' lang='lat' dir='ltr'><strong>igitur</strong></span> <span class='ocrx_word' id='word_1_152' title='bbox 3181 741 3318 796; x_wconf 91' lang='lat' dir='ltr'><strong>adeo</strong></span> <span class='ocrx_word' id='word_1_153' title='bbox 3347 741 3512 796; x_wconf 78' lang='lat' dir='ltr'><strong>insta-</strong></span> 
     </span>
    </p>
   </div>
   <div class='ocr_carea' id='block_1_26' title="bbox 1907 825 3522 901">
    <p class='ocr_par' dir='ltr' id='par_1_26' title="bbox 1907 825 3522 901">
     <span class='ocr_line' id='line_1_26' title="bbox 1907 825 3522 901; baseline 0.001 -20"><span class='ocrx_word' id='word_1_154' title='bbox 1907 825 2033 882; x_wconf 81' lang='lat' dir='ltr'><strong>bilis</strong></span> <span class='ocrx_word' id='word_1_155' title='bbox 2062 836 2147 881; x_wconf 86' lang='lat' dir='ltr'><strong>est</strong></span> <span class='ocrx_word' id='word_1_156' title='bbox 2173 827 2378 882; x_wconf 91' lang='lat' dir='ltr'><strong>illarum</strong></span> <span class='ocrx_word' id='word_1_157' title='bbox 2406 829 2680 898; x_wconf 81' lang='lat' dir='ltr'><strong>possessio</strong></span> <span class='ocrx_word' id='word_1_158' title='bbox 2699 870 2714 894; x_wconf 95' lang='lat'><strong>,</strong></span> <span class='ocrx_word' id='word_1_159' title='bbox 2747 843 2811 884; x_wconf 90' lang='lat' dir='ltr'><strong>ac</strong></span> <span class='ocrx_word' id='word_1_160' title='bbox 2838 830 3068 886; x_wconf 80' lang='lat' dir='ltr'><strong>celerius</strong></span> <span class='ocrx_word' id='word_1_161' title='bbox 3099 830 3204 885; x_wconf 68' lang='lat' dir='ltr'><strong>illae</strong></span> <span class='ocrx_word' id='word_1_162' title='bbox 3227 847 3387 901; x_wconf 89' lang='lat' dir='ltr'><strong>quam</strong></span> <span class='ocrx_word' id='word_1_163' title='bbox 3421 848 3466 885; x_wconf 75' lang='lat' dir='ltr'><strong>Vt</strong></span> <span class='ocrx_word' id='word_1_164' title='bbox 3488 861 3522 876; x_wconf 64' lang='grc' dir='ltr'><strong>ο</strong></span> 
     </span>
    </p>
   </div>
   <div class='ocr_carea' id='block_1_27' title="bbox 1910 915 3522 993">
    <p class='ocr_par' dir='ltr' id='par_1_27' title="bbox 1910 915 3522 993">
     <span class='ocr_line' id='line_1_27' title="bbox 1910 915 3522 993; baseline 0.004 -22"><span class='ocrx_word' id='word_1_165' title='bbox 1910 915 2074 972; x_wconf 89' lang='lat' dir='ltr'><strong>lucris</strong></span> <span class='ocrx_word' id='word_1_166' title='bbox 2102 933 2133 972; x_wconf 88' lang='lat' dir='ltr'><strong>a</strong></span> <span class='ocrx_word' id='word_1_167' title='bbox 2155 919 2306 973; x_wconf 89' lang='lat' dir='ltr'><strong>nobis</strong></span> <span class='ocrx_word' id='word_1_168' title='bbox 2333 919 2572 986; x_wconf 66' lang='lat' dir='ltr'><strong>aviilant,</strong></span> <span class='ocrx_word' id='word_1_169' title='bbox 2596 929 2650 976; x_wconf 92' lang='lat' dir='ltr'><strong>et</strong></span> <span class='ocrx_word' id='word_1_170' title='bbox 2676 920 2928 992; x_wconf 68' lang='lat' dir='ltr'><strong>iniustius</strong></span> <span class='ocrx_word' id='word_1_171' title='bbox 2948 936 3107 991; x_wconf 86' lang='lat' dir='ltr'><strong>quam</strong></span> <span class='ocrx_word' id='word_1_172' title='bbox 3133 923 3382 993; x_wconf 77' lang='lat' dir='ltr'><strong>fugitivus</strong></span> <span class='ocrx_word' id='word_1_173' title='bbox 3403 925 3522 993; x_wconf 84' lang='lat' dir='ltr'><strong>qui-</strong></span> 
     </span>
    </p>
   </div>
   <div class='ocr_carea' id='block_1_28' title="bbox 1910 1008 3520 1082">
    <p class='ocr_par' dir='ltr' id='par_1_28' title="bbox 1910 1008 3520 1082">
     <span class='ocr_line' id='line_1_28' title="bbox 1910 1008 3520 1082; baseline 0.006 -23"><span class='ocrx_word' id='word_1_174' title='bbox 1910 1008 1992 1063; x_wconf 75' lang='lat' dir='ltr'><strong>vis</strong></span> <span class='ocrx_word' id='word_1_175' title='bbox 2020 1009 2296 1080; x_wconf 80' lang='lat' dir='ltr'><strong>aulugiunt</strong></span> <span class='ocrx_word' id='word_1_176' title='bbox 2327 1027 2343 1065; x_wconf 88' lang='lat'><strong>:</strong></span> <span class='ocrx_word' id='word_1_177' title='bbox 2369 1025 2475 1081; x_wconf 92' lang='lat' dir='ltr'><strong>quo</strong></span> <span class='ocrx_word' id='word_1_178' title='bbox 2511 1024 2756 1082; x_wconf 88' lang='lat' dir='ltr'><strong>tempore</strong></span> <span class='ocrx_word' id='word_1_179' title='bbox 2798 1011 3000 1067; x_wconf 87' lang='lat' dir='ltr'><strong>domini</strong></span> <span class='ocrx_word' id='word_1_180' title='bbox 3051 1011 3262 1067; x_wconf 86' lang='lat' dir='ltr'><strong>illarum</strong></span> <span class='ocrx_word' id='word_1_181' title='bbox 3309 1019 3520 1079; x_wconf 82' lang='lat' dir='ltr'><strong>sumus,</strong></span> 
     </span>
    </p>
   </div>
   <div class='ocr_carea' id='block_1_29' title="bbox 1909 1101 3518 1176">
    <p class='ocr_par' dir='ltr' id='par_1_29' title="bbox 1909 1101 3518 1176">
     <span class='ocr_line' id='line_1_29' title="bbox 1909 1101 3518 1176; baseline 0.004 -22"><span class='ocrx_word' id='word_1_182' title='bbox 1909 1101 2012 1155; x_wconf 90' lang='lat' dir='ltr'><strong>illis</strong></span> <span class='ocrx_word' id='word_1_183' title='bbox 2036 1111 2270 1170; x_wconf 85' lang='lat' dir='ltr'><strong>utamur,</strong></span> <span class='ocrx_word' id='word_1_184' title='bbox 2315 1112 2374 1157; x_wconf 93' lang='lat' dir='ltr'><strong>ut</strong></span> <span class='ocrx_word' id='word_1_185' title='bbox 2408 1104 2586 1169; x_wconf 90' lang='lat' dir='ltr'><strong>decet,</strong></span> <span class='ocrx_word' id='word_1_186' title='bbox 2641 1118 2750 1176; x_wconf 91' lang='lat' dir='ltr'><strong>quo</strong></span> <span class='ocrx_word' id='word_1_187' title='bbox 2787 1106 3056 1174; x_wconf 83' lang='lat' dir='ltr'><strong>possimus</strong></span> <span class='ocrx_word' id='word_1_188' title='bbox 3092 1118 3158 1159; x_wconf 80' lang='lat' dir='ltr'><strong>ex</strong></span> <span class='ocrx_word' id='word_1_189' title='bbox 3184 1103 3518 1160; x_wconf 82' lang='lat' dir='ltr'><strong>instabilihus</strong></span> 
     </span>
    </p>
   </div>
   <div class='ocr_carea' id='block_1_30' title="bbox 1912 1193 3520 1266">
    <p class='ocr_par' dir='ltr' id='par_1_30' title="bbox 1912 1193 3520 1266">
     <span class='ocr_line' id='line_1_30' title="bbox 1912 1193 3520 1266; baseline 0.002 -19"><span class='ocrx_word' id='word_1_190' title='bbox 1912 1194 2157 1262; x_wconf 73' lang='lat' dir='ltr'><strong>pecuniis</strong></span> <span class='ocrx_word' id='word_1_191' title='bbox 2191 1195 2403 1250; x_wconf 81' lang='lat' dir='ltr'><strong>stabilia</strong></span> <span class='ocrx_word' id='word_1_192' title='bbox 2441 1193 2597 1251; x_wconf 84' lang='lat' dir='ltr'><strong>nobis</strong></span> <span class='ocrx_word' id='word_1_193' title='bbox 2624 1196 2763 1252; x_wconf 87' lang='lat' dir='ltr'><strong>bona</strong></span> <span class='ocrx_word' id='word_1_194' title='bbox 2798 1211 3135 1266; x_wconf 87' lang='lat' dir='ltr'><strong>comparare,</strong></span> <span class='ocrx_word' id='word_1_195' title='bbox 3163 1212 3227 1253; x_wconf 90' lang='lat' dir='ltr'><strong>ac</strong></span> <span class='ocrx_word' id='word_1_196' title='bbox 3269 1198 3520 1252; x_wconf 87' lang='lat' dir='ltr'><strong>recondi-</strong></span> 
     </span>
    </p>
   </div>
   <div class='ocr_carea' id='block_1_31' title="bbox 1911 1284 3523 1360">
    <p class='ocr_par' dir='ltr' id='par_1_31' title="bbox 1911 1284 3523 1360">
     <span class='ocr_line' id='line_1_31' title="bbox 1911 1284 3523 1360; baseline 0.004 -21"><span class='ocrx_word' id='word_1_197' title='bbox 1911 1292 2023 1340; x_wconf 89' lang='lat' dir='ltr'><strong>tutn</strong></span> <span class='ocrx_word' id='word_1_198' title='bbox 2072 1284 2230 1342; x_wconf 89' lang='lat' dir='ltr'><strong>nobis</strong></span> <span class='ocrx_word' id='word_1_199' title='bbox 2273 1286 2326 1341; x_wconf 92' lang='lat' dir='ltr'><strong>in</strong></span> <span class='ocrx_word' id='word_1_200' title='bbox 2361 1287 2508 1343; x_wconf 64' lang='lat' dir='ltr'><strong>caelis</strong></span> <span class='ocrx_word' id='word_1_201' title='bbox 2537 1287 2853 1345; x_wconf 80' lang='lat' dir='ltr'><strong>thesaurum</strong></span> <span class='ocrx_word' id='word_1_202' title='bbox 2901 1289 3200 1360; x_wconf 86' lang='lat' dir='ltr'><strong>possidere,</strong></span> <span class='ocrx_word' id='word_1_203' title='bbox 3230 1305 3339 1360; x_wconf 91' lang='lat' dir='ltr'><strong>quo</strong></span> <span class='ocrx_word' id='word_1_204' title='bbox 3367 1289 3523 1345; x_wconf 86' lang='lat' dir='ltr'><strong>nobis</strong></span> 
     </span>
    </p>
   </div>
   <div class='ocr_carea' id='block_1_32' title="bbox 1910 1377 3516 1454">
    <p class='ocr_par' dir='ltr' id='par_1_32' title="bbox 1910 1377 3516 1454">
     <span class='ocr_line' id='line_1_32' title="bbox 1910 1377 3516 1454; baseline 0.005 -24"><span class='ocrx_word' id='word_1_205' title='bbox 1910 1377 2158 1434; x_wconf 89' lang='lat' dir='ltr'><strong>omnibus</strong></span> <span class='ocrx_word' id='word_1_206' title='bbox 2185 1377 2384 1433; x_wconf 87' lang='lat' dir='ltr'><strong>utinam</strong></span> <span class='ocrx_word' id='word_1_207' title='bbox 2411 1379 2567 1450; x_wconf 82' lang='lat' dir='ltr'><strong>potiri</strong></span> <span class='ocrx_word' id='word_1_208' title='bbox 2593 1381 2888 1452; x_wconf 80' lang='lat' dir='ltr'><strong>contingat,</strong></span> <span class='ocrx_word' id='word_1_209' title='bbox 2919 1382 3089 1452; x_wconf 87' lang='lat' dir='ltr'><strong>gratia</strong></span> <span class='ocrx_word' id='word_1_210' title='bbox 3106 1391 3161 1437; x_wconf 91' lang='lat' dir='ltr'><strong>et</strong></span> <span class='ocrx_word' id='word_1_211' title='bbox 3187 1381 3516 1454; x_wconf 85' lang='lat' dir='ltr'><strong>benignitate</strong></span> 
     </span>
    </p>
   </div>
   <div class='ocr_carea' id='block_1_33' title="bbox 1911 1469 3525 1547">
    <p class='ocr_par' dir='ltr' id='par_1_33' title="bbox 1911 1469 3525 1547">
     <span class='ocr_line' id='line_1_33' title="bbox 1911 1469 3525 1547; baseline 0.003 -23"><span class='ocrx_word' id='word_1_212' title='bbox 1911 1470 2120 1525; x_wconf 90' lang='lat' dir='ltr'><strong>Domini</strong></span> <span class='ocrx_word' id='word_1_213' title='bbox 2146 1472 2312 1545; x_wconf 80' lang='lat' dir='ltr'><strong>nostri</strong></span> <span class='ocrx_word' id='word_1_214' title='bbox 2338 1471 2465 1527; x_wconf 80' lang='lat' dir='ltr'><strong>.lesu</strong></span> <span class='ocrx_word' id='word_1_215' title='bbox 2489 1471 2710 1538; x_wconf 72' lang='lat' dir='ltr'><strong>Christi,</strong></span> <span class='ocrx_word' id='word_1_216' title='bbox 2745 1469 2850 1543; x_wconf 80' lang='lat' dir='ltr'><strong>per</strong></span> <span class='ocrx_word' id='word_1_217' title='bbox 2869 1490 3030 1545; x_wconf 93' lang='lat' dir='ltr'><strong>quem</strong></span> <span class='ocrx_word' id='word_1_218' title='bbox 3052 1484 3109 1529; x_wconf 94' lang='lat' dir='ltr'><strong>et</strong></span> <span class='ocrx_word' id='word_1_219' title='bbox 3136 1490 3257 1530; x_wconf 90' lang='lat' dir='ltr'><strong>cum</strong></span> <span class='ocrx_word' id='word_1_220' title='bbox 3287 1491 3398 1547; x_wconf 90' lang='lat' dir='ltr'><strong>quo</strong></span> <span class='ocrx_word' id='word_1_221' title='bbox 3424 1476 3525 1529; x_wconf 80' lang='lat' dir='ltr'><strong>Pa-</strong></span> 
     </span>
    </p>
   </div>
   <div class='ocr_carea' id='block_1_34' title="bbox 1912 1561 3520 1637">
    <p class='ocr_par' dir='ltr' id='par_1_34' title="bbox 1912 1561 3520 1637">
     <span class='ocr_line' id='line_1_34' title="bbox 1912 1561 3520 1637; baseline 0.001 -20"><span class='ocrx_word' id='word_1_222' title='bbox 1912 1565 1977 1617; x_wconf 86' lang='lat' dir='ltr'><strong>tri</strong></span> <span class='ocrx_word' id='word_1_223' title='bbox 2006 1563 2174 1632; x_wconf 78' lang='lat' dir='ltr'><strong>gloria</strong></span> <span class='ocrx_word' id='word_1_224' title='bbox 2225 1564 2493 1634; x_wconf 85' lang='lat' dir='ltr'><strong>simulque</strong></span> <span class='ocrx_word' id='word_1_225' title='bbox 2521 1564 2742 1635; x_wconf 89' lang='lat' dir='ltr'><strong>Spiritui</strong></span> <span class='ocrx_word' id='word_1_226' title='bbox 2763 1561 3150 1622; x_wconf 70' lang='lat' dir='ltr'><strong>Sanctomunc</strong></span> <span class='ocrx_word' id='word_1_227' title='bbox 3181 1575 3237 1622; x_wconf 89' lang='lat' dir='ltr'><strong>et</strong></span> <span class='ocrx_word' id='word_1_228' title='bbox 3282 1583 3520 1637; x_wconf 86' lang='lat' dir='ltr'><strong>semper,</strong></span> 
     </span>
    </p>
   </div>
   <div class='ocr_carea' id='block_1_35' title="bbox 1909 1653 2841 1713">
    <p class='ocr_par' dir='ltr' id='par_1_35' title="bbox 1909 1653 2841 1713">
     <span class='ocr_line' id='line_1_35' title="bbox 1909 1653 2841 1713; baseline 0.002 -4"><span class='ocrx_word' id='word_1_229' title='bbox 1909 1662 1964 1709; x_wconf 91' lang='lat' dir='ltr'><strong>et</strong></span> <span class='ocrx_word' id='word_1_230' title='bbox 1992 1653 2044 1708; x_wconf 88' lang='lat' dir='ltr'><strong>in</strong></span> <span class='ocrx_word' id='word_1_231' title='bbox 2060 1653 2254 1709; x_wconf 67' lang='lat' dir='ltr'><strong>saecula</strong></span> <span class='ocrx_word' id='word_1_232' title='bbox 2274 1654 2618 1713; x_wconf 68' lang='lat' dir='ltr'><strong>saeculorum.</strong></span> <span class='ocrx_word' id='word_1_233' title='bbox 2646 1661 2841 1713; x_wconf 82' lang='lat' dir='ltr'><strong>Amen.</strong></span> 
     </span>
    </p>
   </div>
   <div class='ocr_carea' id='block_1_36' title="bbox 197 1944 3526 2006">
    <p class='ocr_par' dir='ltr' id='par_1_36' title="bbox 197 1944 3526 2006">
     <span class='ocr_line' id='line_1_36' title="bbox 197 1944 3526 2006; baseline -0.003 -10"><span class='ocrx_word' id='word_1_234' title='bbox 197 1953 338 1996; x_wconf 63' lang='lat' dir='ltr'><strong>Ill</strong></span> <span class='ocrx_word' id='word_1_235' title='bbox 384 1952 532 1998; x_wconf 73' lang='lat' dir='ltr'><strong>ESSE</strong></span> <span class='ocrx_word' id='word_1_236' title='bbox 576 1953 876 1999; x_wconf 67' lang='grc' dir='ltr'>ιιιιιιουιι</span> <span class='ocrx_word' id='word_1_237' title='bbox 921 1953 1175 1998; x_wconf 73' lang='grc' dir='ltr'><strong>ηειιΔΜ</strong></span> <span class='ocrx_word' id='word_1_238' title='bbox 1218 1953 1353 1997; x_wconf 70' lang='grc' dir='ltr'><strong>ουκ</strong></span> <span class='ocrx_word' id='word_1_239' title='bbox 1398 1953 1480 1997; x_wconf 80' lang='lat' dir='ltr'><strong>IIS</strong></span> <span class='ocrx_word' id='word_1_240' title='bbox 1525 1951 1636 2006; x_wconf 81' lang='lat' dir='ltr'><strong>QUI</strong></span> <span class='ocrx_word' id='word_1_241' title='bbox 1679 1949 1942 2004; x_wconf 82' lang='lat' dir='ltr'><strong>DICUNT,</strong></span> <span class='ocrx_word' id='word_1_242' title='bbox 1987 1947 2124 1992; x_wconf 59' lang='lat' dir='ltr'><strong>TUI</strong></span> <span class='ocrx_word' id='word_1_243' title='bbox 2167 1946 2251 1991; x_wconf 78' lang='lat' dir='ltr'><strong>HS</strong></span> <span class='ocrx_word' id='word_1_244' title='bbox 2294 1947 2405 2002; x_wconf 80' lang='lat' dir='ltr'><strong>QUI</strong></span> <span class='ocrx_word' id='word_1_245' title='bbox 2439 1948 2750 2004; x_wconf 66' lang='lat' dir='ltr'><strong>LUDIUNT,</strong></span> <span class='ocrx_word' id='word_1_246' title='bbox 2795 1947 2882 1990; x_wconf 74' lang='grc' dir='ltr'><strong>ΔΙ)</strong></span> <span class='ocrx_word' id='word_1_247' title='bbox 2923 1944 3212 1991; x_wconf 68' lang='grc' dir='ltr'><strong>ϐῑὶΔΐῐΔὶΙ</strong></span> <span class='ocrx_word' id='word_1_248' title='bbox 3258 1944 3526 1990; x_wconf 66' lang='grc' dir='ltr'><strong>οοκοιο-</strong></span> 
     </span>
    </p>
   </div>
   <div class='ocr_carea' id='block_1_37' title="bbox 445 2029 3322 2112">
    <p class='ocr_par' dir='ltr' id='par_1_37' title="bbox 445 2029 3322 2112">
     <span class='ocr_line' id='line_1_37' title="bbox 445 2029 3322 2112; baseline -0.002 -16"><span class='ocrx_word' id='word_1_249' title='bbox 445 2049 600 2096; x_wconf 67' lang='lat' dir='ltr'><strong>usus</strong></span> <span class='ocrx_word' id='word_1_250' title='bbox 645 2055 661 2096; x_wconf 90' lang='lat'><strong>:</strong></span> <span class='ocrx_word' id='word_1_251' title='bbox 710 2029 918 2108; x_wconf 61' lang='lat' dir='ltr'><strong>neut</strong></span> <span class='ocrx_word' id='word_1_252' title='bbox 950 2053 1138 2097; x_wconf 73' lang='lat' dir='ltr'><strong>unus</strong></span> <span class='ocrx_word' id='word_1_253' title='bbox 1181 2053 1355 2112; x_wconf 70' lang='lat' dir='ltr'><strong>esse,</strong></span> <span class='ocrx_word' id='word_1_254' title='bbox 1402 2053 1483 2096; x_wconf 73' lang='lat' dir='ltr'><strong>ur</strong></span> <span class='ocrx_word' id='word_1_255' title='bbox 1524 2049 1861 2095; x_wconf 68' lang='lat' dir='ltr'><strong>ausurus!</strong></span> <span class='ocrx_word' id='word_1_256' title='bbox 1907 2049 2217 2095; x_wconf 59' lang='lat' dir='ltr'><strong>summa</strong></span> <span class='ocrx_word' id='word_1_257' title='bbox 2248 2048 2522 2093; x_wconf 71' lang='lat' dir='ltr'><strong>ruerunt</strong></span> <span class='ocrx_word' id='word_1_258' title='bbox 2565 2048 2878 2094; x_wconf 69' lang='lat' dir='ltr'><strong>INCUSARE</strong></span> <span class='ocrx_word' id='word_1_259' title='bbox 2922 2030 3322 2110; x_wconf 58' lang='lat' dir='ltr'><strong>peccaram).</strong></span> 
     </span>
    </p>
   </div>
   <div class='ocr_carea' id='block_1_38' title="bbox 281 2284 1810 2357">
    <p class='ocr_par' dir='ltr' id='par_1_38' title="bbox 281 2284 1810 2357">
     <span class='ocr_line' id='line_1_38' title="bbox 281 2284 1810 2357; baseline -0.001 -16"><span class='ocrx_word' id='word_1_260' title='bbox 281 2287 331 2341; x_wconf 91' lang='grc' dir='ltr'>ι.</span> <span class='ocrx_word' id='word_1_261' title='bbox 360 2284 538 2353; x_wconf 80' lang='lat' dir='ltr'><strong>Satis,</strong></span> <span class='ocrx_word' id='word_1_262' title='bbox 565 2284 758 2357; x_wconf 79' lang='lat' dir='ltr'><strong>Opinor</strong></span> <span class='ocrx_word' id='word_1_263' title='bbox 780 2309 809 2352; x_wconf 87' lang='lat'><strong>,-</strong></span> <span class='ocrx_word' id='word_1_264' title='bbox 824 2299 920 2341; x_wconf 82' lang='lat' dir='ltr'><strong>vos</strong></span> <span class='ocrx_word' id='word_1_265' title='bbox 949 2300 1120 2355; x_wconf 84' lang='lat' dir='ltr'><strong>nuper</strong></span> <span class='ocrx_word' id='word_1_266' title='bbox 1144 2285 1558 2356; x_wconf 87' lang='lat' dir='ltr'><strong>increpavimus,</strong></span> <span class='ocrx_word' id='word_1_267' title='bbox 1584 2299 1649 2340; x_wconf 89' lang='lat' dir='ltr'><strong>ac</strong></span> <span class='ocrx_word' id='word_1_268' title='bbox 1681 2300 1810 2356; x_wconf 89' lang='lat' dir='ltr'><strong>pro-</strong></span> 
     </span>
    </p>
   </div>
   <div class='ocr_carea' id='block_1_39' title="bbox 202 2376 1813 2449">
    <p class='ocr_par' dir='ltr' id='par_1_39' title="bbox 202 2376 1813 2449">
     <span class='ocr_line' id='line_1_39' title="bbox 202 2376 1813 2449; baseline 0.001 -17"><span class='ocrx_word' id='word_1_269' title='bbox 202 2376 510 2433; x_wconf 75' lang='lat' dir='ltr'><strong>fundiorem</strong></span> <span class='ocrx_word' id='word_1_270' title='bbox 537 2379 746 2449; x_wconf 83' lang='lat' dir='ltr'><strong>plagam</strong></span> <span class='ocrx_word' id='word_1_271' title='bbox 767 2377 1059 2433; x_wconf 80' lang='lat' dir='ltr'><strong>inﬂisimus</strong></span> <span class='ocrx_word' id='word_1_272' title='bbox 1087 2394 1101 2431; x_wconf 89' lang='lat'><strong>:</strong></span> <span class='ocrx_word' id='word_1_273' title='bbox 1121 2379 1298 2448; x_wconf 88' lang='lat' dir='ltr'><strong>itaque</strong></span> <span class='ocrx_word' id='word_1_274' title='bbox 1315 2392 1534 2434; x_wconf 89' lang='lat' dir='ltr'><strong>necesse</strong></span> <span class='ocrx_word' id='word_1_275' title='bbox 1549 2387 1633 2433; x_wconf 83' lang='lat' dir='ltr'><strong>est</strong></span> <span class='ocrx_word' id='word_1_276' title='bbox 1654 2377 1813 2433; x_wconf 86' lang='lat' dir='ltr'><strong>hodie</strong></span> 
     </span>
    </p>
   </div>
   <div class='ocr_carea' id='block_1_40' title="bbox 203 2470 1813 2541">
    <p class='ocr_par' dir='ltr' id='par_1_40' title="bbox 203 2470 1813 2541">
     <span class='ocr_line' id='line_1_40' title="bbox 203 2470 1813 2541; baseline -0.001 -15"><span class='ocrx_word' id='word_1_277' title='bbox 203 2470 556 2535; x_wconf 85' lang='lat' dir='ltr'><strong>medeamur,</strong></span> <span class='ocrx_word' id='word_1_278' title='bbox 587 2487 650 2528; x_wconf 90' lang='lat' dir='ltr'><strong>ac</strong></span> <span class='ocrx_word' id='word_1_279' title='bbox 675 2472 886 2526; x_wconf 87' lang='lat' dir='ltr'><strong>mitiora</strong></span> <span class='ocrx_word' id='word_1_280' title='bbox 933 2470 1324 2526; x_wconf 87' lang='lat' dir='ltr'><strong>medicamenta</strong></span> <span class='ocrx_word' id='word_1_281' title='bbox 1368 2470 1613 2541; x_wconf 57' lang='lat' dir='ltr'><strong>quadam</strong></span> <span class='ocrx_word' id='word_1_282' title='bbox 1642 2485 1813 2541; x_wconf 88' lang='lat' dir='ltr'><strong>appo-</strong></span> 
     </span>
    </p>
   </div>
   <div class='ocr_carea' id='block_1_41' title="bbox 202 2553 1815 2633">
    <p class='ocr_par' dir='ltr' id='par_1_41' title="bbox 202 2553 1815 2633">
     <span class='ocr_line' id='line_1_41' title="bbox 202 2553 1815 2633; baseline -0.001 -16"><span class='ocrx_word' id='word_1_283' title='bbox 202 2577 423 2617; x_wconf 85' lang='lat' dir='ltr'><strong>namus.</strong></span> <span class='ocrx_word' id='word_1_284' title='bbox 454 2561 551 2618; x_wconf 90' lang='lat' dir='ltr'><strong>llic</strong></span> <span class='ocrx_word' id='word_1_285' title='bbox 596 2563 743 2619; x_wconf 86' lang='lat' dir='ltr'><strong>enim</strong></span> <span class='ocrx_word' id='word_1_286' title='bbox 788 2563 1024 2633; x_wconf 87' lang='lat' dir='ltr'><strong>optimus</strong></span> <span class='ocrx_word' id='word_1_287' title='bbox 1069 2570 1156 2617; x_wconf 88' lang='lat' dir='ltr'><strong>est</strong></span> <span class='ocrx_word' id='word_1_288' title='bbox 1193 2553 1474 2618; x_wconf 75' lang='lat' dir='ltr'><strong>medicina:</strong></span> <span class='ocrx_word' id='word_1_289' title='bbox 1515 2562 1727 2627; x_wconf 86' lang='lat' dir='ltr'><strong>modus,</strong></span> <span class='ocrx_word' id='word_1_290' title='bbox 1758 2573 1815 2616; x_wconf 89' lang='lat' dir='ltr'><strong>ut</strong></span> 
     </span>
    </p>
   </div>
   <div class='ocr_carea' id='block_1_42' title="bbox 206 2653 1811 2725">
    <p class='ocr_par' dir='ltr' id='par_1_42' title="bbox 206 2653 1811 2725">
     <span class='ocr_line' id='line_1_42' title="bbox 206 2653 1811 2725; baseline 0 -17"><span class='ocrx_word' id='word_1_291' title='bbox 206 2670 316 2708; x_wconf 73' lang='lat' dir='ltr'><strong>non</strong></span> <span class='ocrx_word' id='word_1_292' title='bbox 346 2654 512 2709; x_wconf 88' lang='lat' dir='ltr'><strong>modo</strong></span> <span class='ocrx_word' id='word_1_293' title='bbox 538 2665 791 2710; x_wconf 86' lang='lat' dir='ltr'><strong>secentur</strong></span> <span class='ocrx_word' id='word_1_294' title='bbox 816 2654 1001 2710; x_wconf 84' lang='lat' dir='ltr'><strong>ulcera</strong></span> <span class='ocrx_word' id='word_1_295' title='bbox 1025 2695 1041 2720; x_wconf 92' lang='lat'><strong>,</strong></span> <span class='ocrx_word' id='word_1_296' title='bbox 1069 2669 1256 2710; x_wconf 85' lang='lat' dir='ltr'><strong>verum</strong></span> <span class='ocrx_word' id='word_1_297' title='bbox 1282 2655 1440 2711; x_wconf 89' lang='lat' dir='ltr'><strong>etiam</strong></span> <span class='ocrx_word' id='word_1_298' title='bbox 1471 2653 1774 2725; x_wconf 76' lang='lat' dir='ltr'><strong>obligentur</strong></span> <span class='ocrx_word' id='word_1_299' title='bbox 1798 2671 1811 2708; x_wconf 94' lang='lat'>:</span> 
     </span>
    </p>
   </div>
   <div class='ocr_carea' id='block_1_43' title="bbox 205 2745 1816 2816">
    <p class='ocr_par' dir='ltr' id='par_1_43' title="bbox 205 2745 1816 2816">
     <span class='ocr_line' id='line_1_43' title="bbox 205 2745 1816 2816; baseline -0.001 -16"><span class='ocrx_word' id='word_1_300' title='bbox 205 2745 325 2800; x_wconf 67' lang='lat' dir='ltr'><strong>haec</strong></span> <span class='ocrx_word' id='word_1_301' title='bbox 348 2747 603 2816; x_wconf 69' lang='lat' dir='ltr'><strong>praeclara</strong></span> <span class='ocrx_word' id='word_1_302' title='bbox 633 2746 890 2811; x_wconf 74' lang='lat' dir='ltr'><strong>doctrina:</strong></span> <span class='ocrx_word' id='word_1_303' title='bbox 915 2747 1000 2800; x_wconf 77' lang='lat' dir='ltr'><strong>lex</strong></span> <span class='ocrx_word' id='word_1_304' title='bbox 1020 2755 1120 2812; x_wconf 90' lang='lat' dir='ltr'><strong>est,</strong></span> <span class='ocrx_word' id='word_1_305' title='bbox 1145 2755 1203 2800; x_wconf 91' lang='lat' dir='ltr'><strong>ut</strong></span> <span class='ocrx_word' id='word_1_306' title='bbox 1220 2762 1328 2800; x_wconf 88' lang='lat' dir='ltr'><strong>non</strong></span> <span class='ocrx_word' id='word_1_307' title='bbox 1341 2745 1503 2801; x_wconf 90' lang='lat' dir='ltr'><strong>modo</strong></span> <span class='ocrx_word' id='word_1_308' title='bbox 1519 2746 1816 2816; x_wconf 80' lang='lat' dir='ltr'><strong>reprehen-</strong></span> 
     </span>
    </p>
   </div>
   <div class='ocr_carea' id='block_1_44' title="bbox 205 2837 1816 2918">
    <p class='ocr_par' dir='ltr' id='par_1_44' title="bbox 205 2837 1816 2918">
     <span class='ocr_line' id='line_1_44' title="bbox 205 2837 1816 2918; baseline 0 -26"><span class='ocrx_word' id='word_1_309' title='bbox 205 2838 406 2894; x_wconf 83' lang='lat' dir='ltr'><strong>dantur</strong></span> <span class='ocrx_word' id='word_1_310' title='bbox 433 2837 713 2918; x_wconf 83' lang='lat' dir='ltr'><strong>discipuli,_</strong></span> <span class='ocrx_word' id='word_1_311' title='bbox 729 2854 916 2894; x_wconf 86' lang='lat' dir='ltr'><strong>verum</strong></span> <span class='ocrx_word' id='word_1_312' title='bbox 942 2839 1105 2894; x_wconf 78' lang='lat' dir='ltr'><strong>etiarn</strong></span> <span class='ocrx_word' id='word_1_313' title='bbox 1124 2837 1583 2894; x_wconf 80' lang='lat' dir='ltr'><strong>cohortationibus</strong></span> <span class='ocrx_word' id='word_1_314' title='bbox 1610 2849 1664 2891; x_wconf 90' lang='lat' dir='ltr'><strong>et</strong></span> <span class='ocrx_word' id='word_1_315' title='bbox 1688 2851 1816 2892; x_wconf 89' lang='lat' dir='ltr'><strong>con-</strong></span> 
     </span>
    </p>
   </div>
   <div class='ocr_carea' id='block_1_45' title="bbox 207 2929 1816 3002">
    <p class='ocr_par' dir='ltr' id='par_1_45' title="bbox 207 2929 1816 3002">
     <span class='ocr_line' id='line_1_45' title="bbox 207 2929 1816 3002; baseline -0.001 -16"><span class='ocrx_word' id='word_1_316' title='bbox 207 2930 564 2986; x_wconf 81' lang='lat' dir='ltr'><strong>solationibus</strong></span> <span class='ocrx_word' id='word_1_317' title='bbox 627 2930 966 3000; x_wconf 72' lang='lat' dir='ltr'><strong>adiuventur.</strong></span> <span class='ocrx_word' id='word_1_318' title='bbox 1025 2931 1100 2985; x_wconf 85' lang='lat' dir='ltr'><strong>lta</strong></span> <span class='ocrx_word' id='word_1_319' title='bbox 1170 2945 1386 3002; x_wconf 89' lang='lat' dir='ltr'><strong>quoque</strong></span> <span class='ocrx_word' id='word_1_320' title='bbox 1447 2930 1645 2984; x_wconf 78' lang='lat' dir='ltr'><strong>Paulus</strong></span> <span class='ocrx_word' id='word_1_321' title='bbox 1700 2929 1816 2984; x_wconf 87' lang='lat' dir='ltr'><strong>lieri</strong></span> 
     </span>
    </p>
   </div>
   <div class='ocr_carea' id='block_1_46' title="bbox 204 3018 1818 3099">
    <p class='ocr_par' dir='ltr' id='par_1_46' title="bbox 204 3018 1818 3099">
     <span class='ocr_line' id='line_1_46' title="bbox 204 3018 1818 3099; baseline -0.001 -24"><span class='ocrx_word' id='word_1_322' title='bbox 204 3021 372 3091; x_wconf 76' lang='lat' dir='ltr'><strong>jussit</strong></span> <span class='ocrx_word' id='word_1_323' title='bbox 395 3040 410 3076; x_wconf 91' lang='lat'><strong>:</strong></span> <span class='ocrx_word' id='word_1_324' title='bbox 432 3021 622 3092; x_wconf 76' lang='lat' dir='ltr'><strong>Argue,</strong></span> <span class='ocrx_word' id='word_1_325' title='bbox 647 3021 874 3099; x_wconf 77' lang='lat' dir='ltr'><strong>increpa,</strong></span> <span class='ocrx_word' id='word_1_326' title='bbox 895 3022 1164 3078; x_wconf 61' lang='lat' dir='ltr'><strong>alacriore</strong></span> <span class='ocrx_word' id='word_1_327' title='bbox 1191 3020 1267 3094; x_wconf 69' lang='grc'><strong>(2.</strong></span> <span class='ocrx_word' id='word_1_328' title='bbox 1301 3019 1436 3075; x_wconf 78' lang='lat' dir='ltr'><strong>Tim.</strong></span> <span class='ocrx_word' id='word_1_329' title='bbox 1468 3021 1523 3076; x_wconf 69' lang='grc'><strong>6.</strong></span> <span class='ocrx_word' id='word_1_330' title='bbox 1551 3018 1629 3091; x_wconf 70' lang='grc'><strong>2).</strong></span> <span class='ocrx_word' id='word_1_331' title='bbox 1662 3019 1818 3087; x_wconf 87' lang='lat' dir='ltr'><strong>Quod</strong></span> 
     </span>
    </p>
   </div>
   <div class='ocr_carea' id='block_1_47' title="bbox 211 3111 1821 3184">
    <p class='ocr_par' dir='ltr' id='par_1_47' title="bbox 211 3111 1821 3184">
     <span class='ocr_line' id='line_1_47' title="bbox 211 3111 1821 3184; baseline -0.001 -17"><span class='ocrx_word' id='word_1_332' title='bbox 211 3113 258 3168; x_wconf 90' lang='lat' dir='ltr'><strong>si</strong></span> <span class='ocrx_word' id='word_1_333' title='bbox 291 3128 510 3184; x_wconf 86' lang='lat' dir='ltr'><strong>semper</strong></span> <span class='ocrx_word' id='word_1_334' title='bbox 535 3112 855 3168; x_wconf 80' lang='lat' dir='ltr'><strong>exhortetur</strong></span> <span class='ocrx_word' id='word_1_335' title='bbox 882 3113 1166 3184; x_wconf 82' lang='lat' dir='ltr'><strong>quispiam,</strong></span> <span class='ocrx_word' id='word_1_336' title='bbox 1198 3111 1616 3182; x_wconf 78' lang='lat' dir='ltr'><strong>negligentiores</strong></span> <span class='ocrx_word' id='word_1_337' title='bbox 1641 3111 1821 3167; x_wconf 85' lang='lat' dir='ltr'><strong>reddit</strong></span> 
     </span>
    </p>
   </div>
   <div class='ocr_carea' id='block_1_48' title="bbox 213 3203 1825 3275">
    <p class='ocr_par' dir='ltr' id='par_1_48' title="bbox 213 3203 1825 3275">
     <span class='ocr_line' id='line_1_48' title="bbox 213 3203 1825 3275; baseline -0.001 -17"><span class='ocrx_word' id='word_1_338' title='bbox 213 3205 584 3260; x_wconf 81' lang='lat' dir='ltr'><strong>auditoreszsi</strong></span> <span class='ocrx_word' id='word_1_339' title='bbox 613 3212 818 3259; x_wconf 86' lang='lat' dir='ltr'><strong>tantum</strong></span> <span class='ocrx_word' id='word_1_340' title='bbox 848 3205 1110 3275; x_wconf 84' lang='lat' dir='ltr'><strong>increpet,</strong></span> <span class='ocrx_word' id='word_1_341' title='bbox 1140 3204 1441 3274; x_wconf 86' lang='lat' dir='ltr'><strong>asperiores</strong></span> <span class='ocrx_word' id='word_1_342' title='bbox 1467 3203 1667 3258; x_wconf 76' lang='lat' dir='ltr'><strong>efﬁcit:</strong></span> <span class='ocrx_word' id='word_1_343' title='bbox 1696 3211 1825 3258; x_wconf 86' lang='lat' dir='ltr'><strong>cum‘</strong></span> 
     </span>
    </p>
   </div>
   <div class='ocr_carea' id='block_1_49' title="bbox 214 3294 1823 3367">
    <p class='ocr_par' dir='ltr' id='par_1_49' title="bbox 214 3294 1823 3367">
     <span class='ocr_line' id='line_1_49' title="bbox 214 3294 1823 3367; baseline -0.002 -15"><span class='ocrx_word' id='word_1_344' title='bbox 214 3298 363 3352; x_wconf 80' lang='lat' dir='ltr'><strong>enim</strong></span> <span class='ocrx_word' id='word_1_345' title='bbox 376 3296 713 3352; x_wconf 79' lang='lat' dir='ltr'><strong>assidnarum</strong></span> <span class='ocrx_word' id='word_1_346' title='bbox 737 3310 876 3352; x_wconf 88' lang='lat' dir='ltr'><strong>onus</strong></span> <span class='ocrx_word' id='word_1_347' title='bbox 895 3295 1374 3367; x_wconf 85' lang='lat' dir='ltr'><strong>reprehensionum</strong></span> <span class='ocrx_word' id='word_1_348' title='bbox 1402 3294 1543 3351; x_wconf 82' lang='lat' dir='ltr'><strong>ferre</strong></span> <span class='ocrx_word' id='word_1_349' title='bbox 1570 3308 1676 3349; x_wconf 91' lang='lat' dir='ltr'><strong>non</strong></span> <span class='ocrx_word' id='word_1_350' title='bbox 1700 3309 1823 3365; x_wconf 87' lang='lat' dir='ltr'><strong>pos-</strong></span> 
     </span>
    </p>
   </div>
   <div class='ocr_carea' id='block_1_50' title="bbox 215 3386 1820 3458">
    <p class='ocr_par' dir='ltr' id='par_1_50' title="bbox 215 3386 1820 3458">
     <span class='ocr_line' id='line_1_50' title="bbox 215 3386 1820 3458; baseline 0.001 -17"><span class='ocrx_word' id='word_1_351' title='bbox 215 3387 356 3453; x_wconf 83' lang='lat' dir='ltr'><strong>sint,</strong></span> <span class='ocrx_word' id='word_1_352' title='bbox 383 3386 666 3443; x_wconf 76' lang='lat' dir='ltr'><strong>eOnI&#39;estim</strong></span> <span class='ocrx_word' id='word_1_353' title='bbox 709 3386 1027 3444; x_wconf 73' lang='lat' dir='ltr'><strong>abscedunt.</strong></span> <span class='ocrx_word' id='word_1_354' title='bbox 1071 3387 1334 3456; x_wconf 76' lang='lat' dir='ltr'><strong>Quocirca</strong></span> <span class='ocrx_word' id='word_1_355' title='bbox 1380 3389 1562 3442; x_wconf 81' lang='lat' dir='ltr'><strong>varius</strong></span> <span class='ocrx_word' id='word_1_356' title='bbox 1601 3387 1820 3458; x_wconf 88' lang='lat' dir='ltr'><strong>quidam</strong></span> 
     </span>
    </p>
   </div>
   <div class='ocr_carea' id='block_1_51' title="bbox 217 3479 1824 3552">
    <p class='ocr_par' dir='ltr' id='par_1_51' title="bbox 217 3479 1824 3552">
     <span class='ocr_line' id='line_1_51' title="bbox 217 3479 1824 3552; baseline 0 -17"><span class='ocrx_word' id='word_1_357' title='bbox 217 3479 555 3535; x_wconf 73' lang='lat' dir='ltr'><strong>adhibendus</strong></span> <span class='ocrx_word' id='word_1_358' title='bbox 572 3490 656 3536; x_wconf 91' lang='lat' dir='ltr'><strong>est</strong></span> <span class='ocrx_word' id='word_1_359' title='bbox 669 3480 896 3536; x_wconf 83' lang='lat' dir='ltr'><strong>docendi</strong></span> <span class='ocrx_word' id='word_1_360' title='bbox 913 3479 1122 3536; x_wconf 89' lang='lat' dir='ltr'><strong>modus.</strong></span> <span class='ocrx_word' id='word_1_361' title='bbox 1143 3480 1370 3549; x_wconf 82' lang='lat' dir='ltr'><strong>Quando</strong></span> <span class='ocrx_word' id='word_1_362' title='bbox 1384 3481 1543 3552; x_wconf 81' lang='lat' dir='ltr'><strong>igitur</strong></span> <span class='ocrx_word' id='word_1_363' title='bbox 1557 3481 1824 3552; x_wconf 85' lang='lat' dir='ltr'><strong>superiori</strong></span> 
     </span>
    </p>
   </div>
   <div class='ocr_carea' id='block_1_52' title="bbox 217 3572 1821 3643">
    <p class='ocr_par' dir='ltr' id='par_1_52' title="bbox 217 3572 1821 3643">
     <span class='ocr_line' id='line_1_52' title="bbox 217 3572 1821 3643; baseline -0.001 -15"><span class='ocrx_word' id='word_1_364' title='bbox 217 3573 442 3628; x_wconf 82' lang='lat' dir='ltr'><strong>collecta</strong></span> <span class='ocrx_word' id='word_1_365' title='bbox 490 3572 749 3643; x_wconf 84' lang='lat' dir='ltr'><strong>cujusque</strong></span> <span class='ocrx_word' id='word_1_366' title='bbox 782 3579 1018 3627; x_wconf 86' lang='lat' dir='ltr'><strong>mentem</strong></span> <span class='ocrx_word' id='word_1_367' title='bbox 1048 3573 1225 3628; x_wconf 88' lang='lat' dir='ltr'><strong>acrius</strong></span> <span class='ocrx_word' id='word_1_368' title='bbox 1261 3587 1440 3627; x_wconf 91' lang='lat' dir='ltr'><strong>sermo</strong></span> <span class='ocrx_word' id='word_1_369' title='bbox 1469 3573 1821 3642; x_wconf 79' lang='lat' dir='ltr'><strong>perstrinxit,</strong></span> 
     </span>
    </p>
   </div>
   <div class='ocr_carea' id='block_1_53' title="bbox 220 3664 1828 3736">
    <p class='ocr_par' dir='ltr' id='par_1_53' title="bbox 220 3664 1828 3736">
     <span class='ocr_line' id='line_1_53' title="bbox 220 3664 1828 3736; baseline -0.001 -15"><span class='ocrx_word' id='word_1_370' title='bbox 220 3665 416 3721; x_wconf 81' lang='lat' dir='ltr'><strong>leniori</strong></span> <span class='ocrx_word' id='word_1_371' title='bbox 455 3679 597 3720; x_wconf 84' lang='lat' dir='ltr'><strong>nunc</strong></span> <span class='ocrx_word' id='word_1_372' title='bbox 629 3666 857 3721; x_wconf 88' lang='lat' dir='ltr'><strong>docendi</strong></span> <span class='ocrx_word' id='word_1_373' title='bbox 886 3665 1047 3720; x_wconf 90' lang='lat' dir='ltr'><strong>modo</strong></span> <span class='ocrx_word' id='word_1_374' title='bbox 1077 3664 1232 3719; x_wconf 89' lang='lat' dir='ltr'><strong>nobis</strong></span> <span class='ocrx_word' id='word_1_375' title='bbox 1268 3674 1352 3720; x_wconf 89' lang='lat' dir='ltr'><strong>est</strong></span> <span class='ocrx_word' id='word_1_376' title='bbox 1378 3679 1515 3736; x_wconf 87' lang='lat' dir='ltr'><strong>epus</strong></span> <span class='ocrx_word' id='word_1_377' title='bbox 1564 3665 1828 3720; x_wconf 87' lang='lat' dir='ltr'><strong>hodierno</strong></span> 
     </span>
    </p>
   </div>
   <div class='ocr_carea' id='block_1_54' title="bbox 222 3755 1824 3827">
    <p class='ocr_par' dir='ltr' id='par_1_54' title="bbox 222 3755 1824 3827">
     <span class='ocr_line' id='line_1_54' title="bbox 222 3755 1824 3827; baseline -0.001 -16"><span class='ocrx_word' id='word_1_378' title='bbox 222 3756 310 3812; x_wconf 91' lang='lat' dir='ltr'><strong>die</strong></span> <span class='ocrx_word' id='word_1_379' title='bbox 333 3797 349 3822; x_wconf 95' lang='lat'><strong>,</strong></span> <span class='ocrx_word' id='word_1_380' title='bbox 377 3771 442 3810; x_wconf 88' lang='lat' dir='ltr'><strong>ac</strong></span> <span class='ocrx_word' id='word_1_381' title='bbox 477 3756 751 3812; x_wconf 82' lang='lat' dir='ltr'><strong>doloribus</strong></span> <span class='ocrx_word' id='word_1_382' title='bbox 773 3797 793 3824; x_wconf 89' lang='lat'><strong>,</strong></span> <span class='ocrx_word' id='word_1_383' title='bbox 818 3772 953 3827; x_wconf 90' lang='lat' dir='ltr'><strong>quos</strong></span> <span class='ocrx_word' id='word_1_384' title='bbox 987 3755 1435 3826; x_wconf 84' lang='lat' dir='ltr'><strong>reprehensiones</strong></span> <span class='ocrx_word' id='word_1_385' title='bbox 1477 3756 1824 3822; x_wconf 86' lang='lat' dir='ltr'><strong>inusserunt,</strong></span> 
     </span>
    </p>
   </div>
   <div class='ocr_carea' id='block_1_55' title="bbox 225 3848 1827 3919">
    <p class='ocr_par' dir='ltr' id='par_1_55' title="bbox 225 3848 1827 3919">
     <span class='ocr_line' id='line_1_55' title="bbox 225 3848 1827 3919; baseline -0.001 -17"><span class='ocrx_word' id='word_1_386' title='bbox 225 3863 448 3905; x_wconf 82' lang='lat' dir='ltr'><strong>necesse</strong></span> <span class='ocrx_word' id='word_1_387' title='bbox 471 3859 554 3904; x_wconf 89' lang='lat' dir='ltr'><strong>cst</strong></span> <span class='ocrx_word' id='word_1_388' title='bbox 575 3860 845 3919; x_wconf 88' lang='lat' dir='ltr'><strong>tamquam</strong></span> <span class='ocrx_word' id='word_1_389' title='bbox 872 3849 1051 3904; x_wconf 88' lang='lat' dir='ltr'><strong>oleum</strong></span> <span class='ocrx_word' id='word_1_390' title='bbox 1076 3849 1346 3904; x_wconf 89' lang='lat' dir='ltr'><strong>lenitatem</strong></span> <span class='ocrx_word' id='word_1_391' title='bbox 1369 3849 1633 3904; x_wconf 82' lang='lat' dir='ltr'><strong>sermonis</strong></span> <span class='ocrx_word' id='word_1_392' title='bbox 1651 3848 1827 3903; x_wconf 90' lang='lat' dir='ltr'><strong>instil-</strong></span> 
     </span>
    </p>
   </div>
   <div class='ocr_carea' id='block_1_56' title="bbox 225 3940 1829 4012">
    <p class='ocr_par' dir='ltr' id='par_1_56' title="bbox 225 3940 1829 4012">
     <span class='ocr_line' id='line_1_56' title="bbox 225 3940 1829 4012; baseline -0.001 -15"><span class='ocrx_word' id='word_1_393' title='bbox 225 3942 434 4009; x_wconf 88' lang='lat' dir='ltr'><strong>letnus,</strong></span> <span class='ocrx_word' id='word_1_394' title='bbox 461 3942 506 3997; x_wconf 86' lang='lat' dir='ltr'><strong>si</strong></span> <span class='ocrx_word' id='word_1_395' title='bbox 550 3943 702 4012; x_wconf 80' lang='lat' dir='ltr'><strong>prius</strong></span> <span class='ocrx_word' id='word_1_396' title='bbox 731 3941 883 3997; x_wconf 81' lang='lat' dir='ltr'><strong>vobis</strong></span> <span class='ocrx_word' id='word_1_397' title='bbox 918 3943 971 3997; x_wconf 87' lang='lat' dir='ltr'><strong>in</strong></span> <span class='ocrx_word' id='word_1_398' title='bbox 1022 3941 1338 3996; x_wconf 86' lang='lat' dir='ltr'><strong>memoriam</strong></span> <span class='ocrx_word' id='word_1_399' title='bbox 1382 3940 1829 4012; x_wconf 77' lang='lat' dir='ltr'><strong>reprehensiones</strong></span> 
     </span>
    </p>
   </div>
   <div class='ocr_carea' id='block_1_57' title="bbox 226 4037 850 4108">
    <p class='ocr_par' dir='ltr' id='par_1_57' title="bbox 226 4037 850 4108">
     <span class='ocr_line' id='line_1_57' title="bbox 226 4037 850 4108; baseline 0.002 -17"><span class='ocrx_word' id='word_1_400' title='bbox 226 4037 373 4108; x_wconf 87' lang='lat' dir='ltr'><strong>ipsas</strong></span> <span class='ocrx_word' id='word_1_401' title='bbox 401 4039 850 4094; x_wconf 71' lang='lat' dir='ltr'><strong>revoceverimus.</strong></span> 
     </span>
    </p>
   </div>
   <div class='ocr_carea' id='block_1_58' title="bbox 300 4129 1830 4204">
    <p class='ocr_par' dir='ltr' id='par_1_58' title="bbox 300 4129 1830 4204">
     <span class='ocr_line' id='line_1_58' title="bbox 300 4129 1830 4204; baseline 0 -18"><span class='ocrx_word' id='word_1_402' title='bbox 300 4130 410 4186; x_wconf 67' lang='lat' dir='ltr'><strong>Lee</strong></span> <span class='ocrx_word' id='word_1_403' title='bbox 431 4129 587 4185; x_wconf 81' lang='lat' dir='ltr'><strong>Pauli</strong></span> <span class='ocrx_word' id='word_1_404' title='bbox 608 4133 672 4187; x_wconf 81' lang='lat' dir='ltr'><strong>de</strong></span> <span class='ocrx_word' id='word_1_405' title='bbox 693 4134 781 4200; x_wconf 80' lang='lat' dir='ltr'><strong>iis,</strong></span> <span class='ocrx_word' id='word_1_406' title='bbox 799 4135 884 4202; x_wconf 73' lang='lat' dir='ltr'><strong>qui</strong></span> <span class='ocrx_word' id='word_1_407' title='bbox 903 4133 1111 4204; x_wconf 73' lang='lat' dir='ltr'><strong>indigne</strong></span> <span class='ocrx_word' id='word_1_408' title='bbox 1133 4133 1527 4187; x_wconf 76' lang='lat' dir='ltr'><strong>communicant.</strong></span> <span class='ocrx_word' id='word_1_409' title='bbox 1544 4133 1830 4203; x_wconf 68' lang='lat' dir='ltr'><strong>-~Legem</strong></span> 
     </span>
    </p>
   </div>
   <div class='ocr_carea' id='block_1_59' title="bbox 226 4222 1830 4296">
    <p class='ocr_par' dir='ltr' id='par_1_59' title="bbox 226 4222 1830 4296">
     <span class='ocr_line' id='line_1_59' title="bbox 226 4222 1830 4296; baseline 0.002 -18"><span class='ocrx_word' id='word_1_410' title='bbox 226 4222 381 4278; x_wconf 85' lang='lat' dir='ltr'><strong>Pauli</strong></span> <span class='ocrx_word' id='word_1_411' title='bbox 424 4223 579 4279; x_wconf 90' lang='lat' dir='ltr'><strong>vobis</strong></span> <span class='ocrx_word' id='word_1_412' title='bbox 618 4241 788 4295; x_wconf 87' lang='lat' dir='ltr'><strong>nuper</strong></span> <span class='ocrx_word' id='word_1_413' title='bbox 812 4225 880 4281; x_wconf 90' lang='lat' dir='ltr'><strong>de</strong></span> <span class='ocrx_word' id='word_1_414' title='bbox 919 4233 1385 4281; x_wconf 77' lang='lat' dir='ltr'><strong>sacramentorum</strong></span> <span class='ocrx_word' id='word_1_415' title='bbox 1421 4225 1830 4296; x_wconf 84' lang='lat' dir='ltr'><strong>participatione</strong></span> 
     </span>
    </p>
   </div>
   <div class='ocr_carea' id='block_1_60' title="bbox 225 4317 1833 4389">
    <p class='ocr_par' dir='ltr' id='par_1_60' title="bbox 225 4317 1833 4389">
     <span class='ocr_line' id='line_1_60' title="bbox 225 4317 1833 4389; baseline 0.001 -18"><span class='ocrx_word' id='word_1_416' title='bbox 225 4317 595 4382; x_wconf 78' lang='lat' dir='ltr'><strong>recitavimus,</strong></span> <span class='ocrx_word' id='word_1_417' title='bbox 621 4333 726 4388; x_wconf 90' lang='lat' dir='ltr'><strong>qua</strong></span> <span class='ocrx_word' id='word_1_418' title='bbox 752 4318 956 4384; x_wconf 87' lang='lat' dir='ltr'><strong>cuncti,</strong></span> <span class='ocrx_word' id='word_1_419' title='bbox 981 4318 1072 4388; x_wconf 90' lang='lat' dir='ltr'><strong>qui</strong></span> <span class='ocrx_word' id='word_1_420' title='bbox 1103 4318 1374 4389; x_wconf 79' lang='lat' dir='ltr'><strong>mysteriis</strong></span> <span class='ocrx_word' id='word_1_421' title='bbox 1430 4317 1619 4372; x_wconf 82' lang='lat' dir='ltr'><strong>initiati</strong></span> <span class='ocrx_word' id='word_1_422' title='bbox 1663 4325 1789 4372; x_wconf 71' lang='lat' dir='ltr'><strong>sunt</strong></span> <span class='ocrx_word' id='word_1_423' title='bbox 1810 4357 1833 4386; x_wconf 86' lang='lat'><strong>,</strong></span> 
     </span>
    </p>
   </div>
   <div class='ocr_carea' id='block_1_61' title="bbox 225 4409 1832 4480">
    <p class='ocr_par' dir='ltr' id='par_1_61' title="bbox 225 4409 1832 4480">
     <span class='ocr_line' id='line_1_61' title="bbox 225 4409 1832 4480; baseline 0 -16"><span class='ocrx_word' id='word_1_424' title='bbox 225 4410 652 4480; x_wconf 58' lang='lat' dir='ltr'><strong>obstringuntur}</strong></span> <span class='ocrx_word' id='word_1_425' title='bbox 675 4409 805 4466; x_wconf 70' lang='lat' dir='ltr'><strong>[hoc</strong></span> <span class='ocrx_word' id='word_1_426' title='bbox 827 4420 1005 4466; x_wconf 91' lang='lat' dir='ltr'><strong>autem</strong></span> <span class='ocrx_word' id='word_1_427' title='bbox 1037 4411 1118 4466; x_wconf 75' lang='lat' dir='ltr'><strong>lex</strong></span> <span class='ocrx_word' id='word_1_428' title='bbox 1145 4419 1298 4466; x_wconf 84' lang='lat' dir='ltr'><strong>erat:</strong></span> <span class='ocrx_word' id='word_1_429' title='bbox 1327 4409 1460 4465; x_wconf 81' lang='lat' dir='ltr'><strong>nihil</strong></span> <span class='ocrx_word' id='word_1_430' title='bbox 1477 4410 1621 4465; x_wconf 90' lang='lat' dir='ltr'><strong>enim</strong></span> <span class='ocrx_word' id='word_1_431' title='bbox 1648 4424 1832 4465; x_wconf 86' lang='lat' dir='ltr'><strong>rursus</strong></span> 
     </span>
    </p>
   </div>
   <div class='ocr_carea' id='block_1_62' title="bbox 225 4499 1832 4571">
    <p class='ocr_par' dir='ltr' id='par_1_62' title="bbox 225 4499 1832 4571">
     <span class='ocr_line' id='line_1_62' title="bbox 225 4499 1832 4571; baseline -0.001 -15"><span class='ocrx_word' id='word_1_432' title='bbox 225 4502 375 4556; x_wconf 81' lang='lat' dir='ltr'><strong>illam</strong></span> <span class='ocrx_word' id='word_1_433' title='bbox 415 4502 662 4571; x_wconf 73' lang='lat' dir='ltr'><strong>prohibet</strong></span> <span class='ocrx_word' id='word_1_434' title='bbox 701 4502 915 4557; x_wconf 83' lang='lat' dir='ltr'><strong>recitari</strong></span> <span class='ocrx_word' id='word_1_435' title='bbox 944 4520 959 4558; x_wconf 90' lang='lat'>:</span> <span class='ocrx_word' id='word_1_436' title='bbox 992 4499 1178 4555; x_wconf 76' lang='lat' dir='ltr'><strong>Probet</strong></span> <span class='ocrx_word' id='word_1_437' title='bbox 1215 4511 1386 4555; x_wconf 73' lang='lat' dir='ltr'><strong>autem</strong></span> <span class='ocrx_word' id='word_1_438' title='bbox 1411 4501 1640 4570; x_wconf 81' lang='lat' dir='ltr'><strong>seipsum</strong></span> <span class='ocrx_word' id='word_1_439' title='bbox 1669 4515 1832 4555; x_wconf 70' lang='lat' dir='ltr'><strong>unus-</strong></span> 
     </span>
    </p>
   </div>
   <div class='ocr_carea' id='block_1_63' title="bbox 226 4593 1831 4665">
    <p class='ocr_par' dir='ltr' id='par_1_63' title="bbox 226 4593 1831 4665">
     <span class='ocr_line' id='line_1_63' title="bbox 226 4593 1831 4665; baseline 0.001 -19"><span class='ocrx_word' id='word_1_440' title='bbox 226 4593 457 4664; x_wconf 68' lang='lat' dir='ltr'><strong>quisque,</strong></span> <span class='ocrx_word' id='word_1_441' title='bbox 499 4601 547 4647; x_wconf 92' lang='lat' dir='ltr'><strong>et</strong></span> <span class='ocrx_word' id='word_1_442' title='bbox 585 4595 658 4647; x_wconf 75' lang='lat' dir='ltr'><strong>sic</strong></span> <span class='ocrx_word' id='word_1_443' title='bbox 686 4594 751 4648; x_wconf 76' lang='lat' dir='ltr'><strong>de</strong></span> <span class='ocrx_word' id='word_1_444' title='bbox 775 4610 905 4665; x_wconf 75' lang='lat' dir='ltr'><strong>pane</strong></span> <span class='ocrx_word' id='word_1_445' title='bbox 932 4593 1025 4648; x_wconf 80' lang='lat' dir='ltr'><strong>illo</strong></span> <span class='ocrx_word' id='word_1_446' title='bbox 1053 4593 1170 4647; x_wconf 78' lang='lat' dir='ltr'><strong>edat</strong></span> <span class='ocrx_word' id='word_1_447' title='bbox 1194 4633 1209 4656; x_wconf 96' lang='lat'><strong>,</strong></span> <span class='ocrx_word' id='word_1_448' title='bbox 1243 4603 1289 4647; x_wconf 84' lang='lat' dir='ltr'><strong>et</strong></span> <span class='ocrx_word' id='word_1_449' title='bbox 1316 4596 1380 4647; x_wconf 79' lang='lat' dir='ltr'><strong>de</strong></span> <span class='ocrx_word' id='word_1_450' title='bbox 1404 4595 1561 4648; x_wconf 81' lang='lat' dir='ltr'><strong>salice</strong></span> <span class='ocrx_word' id='word_1_451' title='bbox 1588 4593 1722 4647; x_wconf 79' lang='lat' dir='ltr'><strong>bibet</strong></span> <span class='ocrx_word' id='word_1_452' title='bbox 1746 4594 1831 4663; x_wconf 83' lang='grc' dir='ltr'><strong>(ι.</strong></span> 
     </span>
    </p>
   </div>
   <div class='ocr_carea' id='block_1_64' title="bbox 226 4682 1834 4758">
    <p class='ocr_par' dir='ltr' id='par_1_64' title="bbox 226 4682 1834 4758">
     <span class='ocr_line' id='line_1_64' title="bbox 226 4682 1834 4758; baseline 0 -17"><span class='ocrx_word' id='word_1_453' title='bbox 226 4683 348 4741; x_wconf 80' lang='lat' dir='ltr'><strong>Cor.</strong></span> <span class='ocrx_word' id='word_1_454' title='bbox 377 4683 607 4758; x_wconf 61' lang='lat'><strong>“.38).</strong></span> <span class='ocrx_word' id='word_1_455' title='bbox 635 4682 843 4753; x_wconf 78' lang='lat' dir='ltr'><strong>Sciunt,</strong></span> <span class='ocrx_word' id='word_1_456' title='bbox 874 4685 966 4755; x_wconf 83' lang='lat' dir='ltr'><strong>qui</strong></span> <span class='ocrx_word' id='word_1_457' title='bbox 997 4684 1266 4756; x_wconf 84' lang='lat' dir='ltr'><strong>mysteriis</strong></span> <span class='ocrx_word' id='word_1_458' title='bbox 1292 4685 1481 4739; x_wconf 79' lang='lat' dir='ltr'><strong>initiati</strong></span> <span class='ocrx_word' id='word_1_459' title='bbox 1507 4695 1628 4738; x_wconf 86' lang='lat' dir='ltr'><strong>sunt</strong></span> <span class='ocrx_word' id='word_1_460' title='bbox 1660 4725 1683 4752; x_wconf 87' lang='lat'><strong>,</strong></span> <span class='ocrx_word' id='word_1_461' title='bbox 1704 4683 1834 4755; x_wconf 85' lang='lat' dir='ltr'><strong>quid</strong></span> 
     </span>
    </p>
   </div>
   <div class='ocr_carea' id='block_1_65' title="bbox 226 4772 1834 4849">
    <p class='ocr_par' dir='ltr' id='par_1_65' title="bbox 226 4772 1834 4849">
     <span class='ocr_line' id='line_1_65' title="bbox 226 4772 1834 4849; baseline -0.002 -15"><span class='ocrx_word' id='word_1_462' title='bbox 226 4779 491 4842; x_wconf 79' lang='lat' dir='ltr'><strong>dicamus,</strong></span> <span class='ocrx_word' id='word_1_463' title='bbox 514 4786 569 4833; x_wconf 89' lang='lat' dir='ltr'><strong>et</strong></span> <span class='ocrx_word' id='word_1_464' title='bbox 594 4779 720 4848; x_wconf 84' lang='lat' dir='ltr'><strong>quis</strong></span> <span class='ocrx_word' id='word_1_465' title='bbox 745 4778 833 4833; x_wconf 86' lang='lat' dir='ltr'><strong>hic</strong></span> <span class='ocrx_word' id='word_1_466' title='bbox 859 4778 1011 4849; x_wconf 82' lang='lat' dir='ltr'><strong>panis</strong></span> <span class='ocrx_word' id='word_1_467' title='bbox 1032 4779 1135 4844; x_wconf 87' lang='lat' dir='ltr'><strong>sit,</strong></span> <span class='ocrx_word' id='word_1_468' title='bbox 1169 4772 1355 4848; x_wconf 78' lang='lat' dir='ltr'><strong>quisve</strong></span> <span class='ocrx_word' id='word_1_469' title='bbox 1380 4777 1546 4832; x_wconf 79' lang='lat' dir='ltr'><strong>calix.</strong></span> <span class='ocrx_word' id='word_1_470' title='bbox 1572 4776 1672 4844; x_wconf 78' lang='lat' dir='ltr'><strong>Qui</strong></span> <span class='ocrx_word' id='word_1_471' title='bbox 1699 4777 1834 4831; x_wconf 66' lang='lat' dir='ltr'><strong>enim</strong></span> 
     </span>
    </p>
   </div>
   <div class='ocr_carea' id='block_1_66' title="bbox 225 4869 1834 4943">
    <p class='ocr_par' dir='ltr' id='par_1_66' title="bbox 225 4869 1834 4943">
     <span class='ocr_line' id='line_1_66' title="bbox 225 4869 1834 4943; baseline -0.004 -15"><span class='ocrx_word' id='word_1_472' title='bbox 225 4871 505 4928; x_wconf 56' lang='lat' dir='ltr'><strong>manducet</strong></span> <span class='ocrx_word' id='word_1_473' title='bbox 530 4882 579 4926; x_wconf 84' lang='lat' dir='ltr'><strong>et</strong></span> <span class='ocrx_word' id='word_1_474' title='bbox 605 4872 727 4928; x_wconf 69' lang='lat' dir='ltr'><strong>bibit</strong></span> <span class='ocrx_word' id='word_1_475' title='bbox 750 4909 764 4936; x_wconf 91' lang='lat'><strong>,</strong></span> <span class='ocrx_word' id='word_1_476' title='bbox 798 4872 970 4942; x_wconf 86' lang='lat' dir='ltr'><strong>inquit</strong></span> <span class='ocrx_word' id='word_1_477' title='bbox 992 4871 1248 4943; x_wconf 81' lang='lat' dir='ltr'><strong>,‘indigne</strong></span> <span class='ocrx_word' id='word_1_478' title='bbox 1286 4869 1507 4923; x_wconf 83' lang='lat' dir='ltr'><strong>Domino</strong></span> <span class='ocrx_word' id='word_1_479' title='bbox 1529 4910 1542 4930; x_wconf 83' lang='lat'><strong>,</strong></span> <span class='ocrx_word' id='word_1_480' title='bbox 1573 4883 1690 4922; x_wconf 75' lang='lat' dir='ltr'><strong>reus</strong></span> <span class='ocrx_word' id='word_1_481' title='bbox 1738 4869 1834 4936; x_wconf 68' lang='lat' dir='ltr'><strong>erit</strong></span> 
     </span>
    </p>
   </div>
   <div class='ocr_carea' id='block_1_67' title="bbox 226 4959 1833 5036">
    <p class='ocr_par' dir='ltr' id='par_1_67' title="bbox 226 4959 1833 5036">
     <span class='ocr_line' id='line_1_67' title="bbox 226 4959 1833 5036; baseline -0.002 -17"><span class='ocrx_word' id='word_1_482' title='bbox 226 4966 458 5036; x_wconf 71' lang='lat' dir='ltr'><strong>corporis</strong></span> <span class='ocrx_word' id='word_1_483' title='bbox 486 4973 534 5017; x_wconf 84' lang='lat' dir='ltr'><strong>et</strong></span> <span class='ocrx_word' id='word_1_484' title='bbox 563 4963 826 5036; x_wconf 70' lang='lat' dir='ltr'><strong>sanguinis</strong></span> <span class='ocrx_word' id='word_1_485' title='bbox 856 4962 1062 5017; x_wconf 79' lang='lat' dir='ltr'><strong>Domini</strong></span> <span class='ocrx_word' id='word_1_486' title='bbox 1093 4961 1255 5034; x_wconf 77' lang='lat' dir='ltr'><strong>(Ibid.</strong></span> <span class='ocrx_word' id='word_1_487' title='bbox 1284 4976 1332 5016; x_wconf 71' lang='grc' dir='ltr'><strong>υ.</strong></span> <span class='ocrx_word' id='word_1_488' title='bbox 1360 4960 1473 5032; x_wconf 73' lang='grc'><strong>27).</strong></span> <span class='ocrx_word' id='word_1_489' title='bbox 1505 4960 1654 5017; x_wconf 70' lang='lat' dir='ltr'><strong>Hanc</strong></span> <span class='ocrx_word' id='word_1_490' title='bbox 1680 4959 1833 5016; x_wconf 86' lang='lat' dir='ltr'><strong>vobis</strong></span> 
     </span>
    </p>
   </div>
   <div class='ocr_carea' id='block_1_68' title="bbox 227 5053 1831 5128">
    <p class='ocr_par' dir='ltr' id='par_1_68' title="bbox 227 5053 1831 5128">
     <span class='ocr_line' id='line_1_68' title="bbox 227 5053 1831 5128; baseline -0.003 -15"><span class='ocrx_word' id='word_1_491' title='bbox 227 5057 402 5128; x_wconf 75' lang='lat' dir='ltr'><strong>legem</strong></span> <span class='ocrx_word' id='word_1_492' title='bbox 428 5056 804 5119; x_wconf 78' lang='lat' dir='ltr'><strong>recitavimus,</strong></span> <span class='ocrx_word' id='word_1_493' title='bbox 830 5063 884 5109; x_wconf 89' lang='lat' dir='ltr'><strong>et</strong></span> <span class='ocrx_word' id='word_1_494' title='bbox 907 5055 1192 5110; x_wconf 82' lang='lat' dir='ltr'><strong>verborum</strong></span> <span class='ocrx_word' id='word_1_495' title='bbox 1220 5067 1436 5108; x_wconf 82' lang='lat' dir='ltr'><strong>sensum</strong></span> <span class='ocrx_word' id='word_1_496' title='bbox 1465 5053 1831 5121; x_wconf 57' lang='lat' dir='ltr'><strong>exposuimus.</strong></span> 
     </span>
    </p>
   </div>
   <div class='ocr_carea' id='block_1_69' title="bbox 228 5141 1836 5218">
    <p class='ocr_par' dir='ltr' id='par_1_69' title="bbox 228 5141 1836 5218">
     <span class='ocr_line' id='line_1_69' title="bbox 228 5141 1836 5218; baseline -0.004 -14"><span class='ocrx_word' id='word_1_497' title='bbox 228 5149 478 5204; x_wconf 74' lang='lat' dir='ltr'><strong>Diximus-</strong></span> <span class='ocrx_word' id='word_1_498' title='bbox 497 5147 623 5218; x_wconf 83' lang='lat' dir='ltr'><strong>qnid</strong></span> <span class='ocrx_word' id='word_1_499' title='bbox 666 5147 736 5202; x_wconf 78' lang='lat' dir='ltr'><strong>sit</strong></span> <span class='ocrx_word' id='word_1_500' title='bbox 756 5185 772 5212; x_wconf 88' lang='lat'><strong>,</strong></span> <span class='ocrx_word' id='word_1_501' title='bbox 802 5145 942 5202; x_wconf 69' lang='lat' dir='ltr'><strong>Reus</strong></span> <span class='ocrx_word' id='word_1_502' title='bbox 979 5147 1071 5200; x_wconf 77' lang='lat' dir='ltr'><strong>erit</strong></span> <span class='ocrx_word' id='word_1_503' title='bbox 1108 5144 1334 5214; x_wconf 70' lang='lat' dir='ltr'><strong>corporis</strong></span> <span class='ocrx_word' id='word_1_504' title='bbox 1363 5153 1409 5198; x_wconf 83' lang='lat' dir='ltr'><strong>et</strong></span> <span class='ocrx_word' id='word_1_505' title='bbox 1436 5145 1701 5214; x_wconf 74' lang='lat' dir='ltr'><strong>sanguinis</strong></span> <span class='ocrx_word' id='word_1_506' title='bbox 1726 5141 1836 5198; x_wconf 76' lang='lat' dir='ltr'><strong>Do-</strong></span> 
     </span>
    </p>
   </div>
   <div class='ocr_carea' id='block_1_70' title="bbox 228 5237 1836 5309">
    <p class='ocr_par' dir='ltr' id='par_1_70' title="bbox 228 5237 1836 5309">
     <span class='ocr_line' id='line_1_70' title="bbox 228 5237 1836 5309; baseline -0.004 -14"><span class='ocrx_word' id='word_1_507' title='bbox 228 5243 348 5296; x_wconf 71' lang='lat' dir='ltr'><strong>otiati</strong></span> <span class='ocrx_word' id='word_1_508' title='bbox 371 5282 389 5308; x_wconf 97' lang='lat'><strong>,</strong></span> <span class='ocrx_word' id='word_1_509' title='bbox 421 5239 640 5296; x_wconf 81' lang='lat' dir='ltr'><strong>easdem</strong></span> <span class='ocrx_word' id='word_1_510' title='bbox 671 5239 923 5295; x_wconf 76' lang='lat' dir='ltr'><strong>nimirum</strong></span> <span class='ocrx_word' id='word_1_511' title='bbox 953 5252 1143 5309; x_wconf 76' lang='lat' dir='ltr'><strong>pmnas</strong></span> <span class='ocrx_word' id='word_1_512' title='bbox 1167 5237 1452 5304; x_wconf 89' lang='lat' dir='ltr'><strong>daturum,</strong></span> <span class='ocrx_word' id='word_1_513' title='bbox 1478 5252 1614 5308; x_wconf 82' lang='lat' dir='ltr'><strong>quas</strong></span> <span class='ocrx_word' id='word_1_514' title='bbox 1638 5247 1690 5291; x_wconf 89' lang='lat' dir='ltr'><strong>et</strong></span> <span class='ocrx_word' id='word_1_515' title='bbox 1717 5237 1794 5290; x_wconf 87' lang='lat' dir='ltr'><strong>illi</strong></span> <span class='ocrx_word' id='word_1_516' title='bbox 1813 5274 1836 5304; x_wconf 88' lang='lat'><strong>,</strong></span> 
     </span>
    </p>
   </div>
   <div class='ocr_carea' id='block_1_71' title="bbox 226 5329 1835 5404">
    <p class='ocr_par' dir='ltr' id='par_1_71' title="bbox 226 5329 1835 5404">
     <span class='ocr_line' id='line_1_71' title="bbox 226 5329 1835 5404; baseline -0.002 -16"><span class='ocrx_word' id='word_1_517' title='bbox 226 5334 317 5404; x_wconf 77' lang='lat' dir='ltr'><strong>qui</strong></span> <span class='ocrx_word' id='word_1_518' title='bbox 343 5333 619 5389; x_wconf 72' lang='lat' dir='ltr'><strong>Christum</strong></span> <span class='ocrx_word' id='word_1_519' title='bbox 663 5331 980 5388; x_wconf 79' lang='lat' dir='ltr'><strong>erucillsere</strong></span> <span class='ocrx_word' id='word_1_520' title='bbox 1023 5331 1380 5387; x_wconf 84' lang='lat' dir='ltr'><strong>sustinebant.</strong></span> <span class='ocrx_word' id='word_1_521' title='bbox 1409 5330 1544 5392; x_wconf 76' lang='lat' dir='ltr'><strong>Nam</strong></span> <span class='ocrx_word' id='word_1_522' title='bbox 1573 5329 1835 5401; x_wconf 78' lang='lat' dir='ltr'><strong>quemad-</strong></span> 
     </span>
    </p>
   </div>
   <div class='ocr_carea' id='block_1_72' title="bbox 227 5421 1835 5495">
    <p class='ocr_par' dir='ltr' id='par_1_72' title="bbox 227 5421 1835 5495">
     <span class='ocr_line' id='line_1_72' title="bbox 227 5421 1835 5495; baseline -0.002 -12"><span class='ocrx_word' id='word_1_523' title='bbox 227 5427 448 5483; x_wconf 74' lang='lat' dir='ltr'><strong>modum</strong></span> <span class='ocrx_word' id='word_1_524' title='bbox 475 5425 762 5481; x_wconf 70' lang='lat' dir='ltr'><strong>homicidio</strong></span> <span class='ocrx_word' id='word_1_525' title='bbox 798 5421 870 5480; x_wconf 86' lang='lat' dir='ltr'><strong>illi</strong></span> <span class='ocrx_word' id='word_1_526' title='bbox 915 5425 1000 5480; x_wconf 85' lang='lat' dir='ltr'><strong>rei</strong></span> <span class='ocrx_word' id='word_1_527' title='bbox 1025 5424 1147 5480; x_wconf 76' lang='lat' dir='ltr'><strong>lacti</strong></span> <span class='ocrx_word' id='word_1_528' title='bbox 1169 5433 1294 5481; x_wconf 79' lang='lat' dir='ltr'><strong>sunt</strong></span> <span class='ocrx_word' id='word_1_529' title='bbox 1317 5425 1591 5495; x_wconf 74' lang='lat' dir='ltr'><strong>sanguinis</strong></span> <span class='ocrx_word' id='word_1_530' title='bbox 1615 5466 1635 5492; x_wconf 89' lang='lat'><strong>,</strong></span> <span class='ocrx_word' id='word_1_531' title='bbox 1662 5424 1742 5479; x_wconf 88' lang='lat' dir='ltr'><strong>sic</strong></span> <span class='ocrx_word' id='word_1_532' title='bbox 1781 5433 1835 5479; x_wconf 91' lang='lat' dir='ltr'><strong>et</strong></span> 
     </span>
    </p>
   </div>
   <div class='ocr_carea' id='block_1_73' title="bbox 230 5517 1832 5592">
    <p class='ocr_par' dir='ltr' id='par_1_73' title="bbox 230 5517 1832 5592">
     <span class='ocr_line' id='line_1_73' title="bbox 230 5517 1832 5592; baseline -0.002 -19"><span class='ocrx_word' id='word_1_533' title='bbox 230 5519 316 5574; x_wconf 84' lang='lat' dir='ltr'><strong>isti</strong></span> <span class='ocrx_word' id='word_1_534' title='bbox 343 5519 438 5592; x_wconf 79' lang='lat' dir='ltr'><strong>qui</strong></span> <span class='ocrx_word' id='word_1_535' title='bbox 468 5517 821 5573; x_wconf 80' lang='lat' dir='ltr'><strong>sacramentis</strong></span> <span class='ocrx_word' id='word_1_536' title='bbox 850 5517 1063 5588; x_wconf 75' lang='lat' dir='ltr'><strong>indigne</strong></span> <span class='ocrx_word' id='word_1_537' title='bbox 1088 5518 1489 5574; x_wconf 76' lang='lat' dir='ltr'><strong>communicant</strong></span> <span class='ocrx_word' id='word_1_538' title='bbox 1517 5534 1530 5570; x_wconf 90' lang='lat'><strong>:</strong></span> <span class='ocrx_word' id='word_1_539' title='bbox 1563 5517 1664 5570; x_wconf 89' lang='lat' dir='ltr'><strong>hoc</strong></span> <span class='ocrx_word' id='word_1_540' title='bbox 1690 5517 1832 5570; x_wconf 87' lang='lat' dir='ltr'><strong>enim</strong></span> 
     </span>
    </p>
   </div>
   <div class='ocr_carea' id='block_1_74' title="bbox 230 5606 1836 5682">
    <p class='ocr_par' dir='ltr' id='par_1_74' title="bbox 230 5606 1836 5682">
     <span class='ocr_line' id='line_1_74' title="bbox 230 5606 1836 5682; baseline -0.003 -16"><span class='ocrx_word' id='word_1_541' title='bbox 230 5619 308 5667; x_wconf 84' lang='lat' dir='ltr'><strong>est</strong></span> <span class='ocrx_word' id='word_1_542' title='bbox 329 5651 345 5676; x_wconf 90' lang='lat'><strong>,</strong></span> <span class='ocrx_word' id='word_1_543' title='bbox 372 5609 511 5666; x_wconf 72' lang='lat' dir='ltr'><strong>Reus</strong></span> <span class='ocrx_word' id='word_1_544' title='bbox 540 5611 631 5664; x_wconf 86' lang='lat' dir='ltr'><strong>erit</strong></span> <span class='ocrx_word' id='word_1_545' title='bbox 660 5611 893 5680; x_wconf 76' lang='lat' dir='ltr'><strong>corporis</strong></span> <span class='ocrx_word' id='word_1_546' title='bbox 915 5618 960 5664; x_wconf 85' lang='lat' dir='ltr'><strong>et</strong></span> <span class='ocrx_word' id='word_1_547' title='bbox 989 5611 1251 5682; x_wconf 72' lang='lat' dir='ltr'><strong>sanguinis</strong></span> <span class='ocrx_word' id='word_1_548' title='bbox 1283 5608 1512 5662; x_wconf 82' lang='lat' dir='ltr'><strong>Domini.</strong></span> <span class='ocrx_word' id='word_1_549' title='bbox 1543 5606 1836 5662; x_wconf 75' lang='lat' dir='ltr'><strong>Videbatur</strong></span> 
     </span>
    </p>
   </div>
   <div class='ocr_carea' id='block_1_75' title="bbox 228 5685 1834 5777">
    <p class='ocr_par' dir='ltr' id='par_1_75' title="bbox 228 5685 1834 5777">
     <span class='ocr_line' id='line_1_75' title="bbox 228 5685 1834 5777; baseline -0.004 -16"><span class='ocrx_word' id='word_1_550' title='bbox 228 5705 430 5761; x_wconf 75' lang='lat' dir='ltr'><strong>dictum</strong></span> <span class='ocrx_word' id='word_1_551' title='bbox 451 5685 582 5760; x_wconf 76' lang='lat' dir='ltr'><strong>illud</strong></span> <span class='ocrx_word' id='word_1_552' title='bbox 604 5705 762 5777; x_wconf 86' lang='lat' dir='ltr'><strong>plane</strong></span> <span class='ocrx_word' id='word_1_553' title='bbox 788 5706 1009 5759; x_wconf 85' lang='lat' dir='ltr'><strong>modum</strong></span> <span class='ocrx_word' id='word_1_554' title='bbox 1031 5703 1318 5765; x_wconf 75' lang='lat' dir='ltr'><strong>excedere,</strong></span> <span class='ocrx_word' id='word_1_555' title='bbox 1342 5711 1502 5774; x_wconf 83' lang='lat' dir='ltr'><strong>atque</strong></span> <span class='ocrx_word' id='word_1_556' title='bbox 1523 5700 1834 5757; x_wconf 81' lang='lat' dir='ltr'><strong>intolerabi-</strong></span> 
     </span>
    </p>
   </div>
   <div class='ocr_carea' id='block_1_76' title="bbox 231 5796 1835 5867">
    <p class='ocr_par' dir='ltr' id='par_1_76' title="bbox 231 5796 1835 5867">
     <span class='ocr_line' id='line_1_76' title="bbox 231 5796 1835 5867; baseline -0.003 -12"><span class='ocrx_word' id='word_1_557' title='bbox 231 5796 306 5855; x_wconf 79' lang='lat' dir='ltr'><strong>les</strong></span> <span class='ocrx_word' id='word_1_558' title='bbox 334 5799 496 5854; x_wconf 76' lang='lat' dir='ltr'><strong>mina!</strong></span> <span class='ocrx_word' id='word_1_559' title='bbox 520 5798 879 5854; x_wconf 80' lang='lat' dir='ltr'><strong>cettse&#39;bantur</strong></span> <span class='ocrx_word' id='word_1_560' title='bbox 907 5816 920 5854; x_wconf 88' lang='lat'><strong>:</strong></span> <span class='ocrx_word' id='word_1_561' title='bbox 948 5798 1210 5854; x_wconf 85' lang='lat' dir='ltr'><strong>rationem</strong></span> <span class='ocrx_word' id='word_1_562' title='bbox 1238 5796 1583 5867; x_wconf 75' lang='lat' dir='ltr'><strong>adjttnsimus</strong></span> <span class='ocrx_word' id='word_1_563' title='bbox 1620 5796 1835 5850; x_wconf 83' lang='lat' dir='ltr'><strong>ductam</strong></span> 
     </span>
    </p>
   </div>
   <div class='ocr_carea' id='block_1_77' title="bbox 287 5909 1836 5979">
    <p class='ocr_par' dir='ltr' id='par_1_77' title="bbox 287 5909 1836 5979">
     <span class='ocr_line' id='line_1_77' title="bbox 287 5909 1836 5979; baseline -0.002 -14"><span class='ocrx_word' id='word_1_564' title='bbox 287 5915 362 5979; x_wconf 78' lang='grc' dir='ltr'><strong>(α)</strong></span> <span class='ocrx_word' id='word_1_565' title='bbox 385 5913 567 5966; x_wconf 78' lang='lat' dir='ltr'><strong>collata</strong></span> <span class='ocrx_word' id='word_1_566' title='bbox 585 5922 700 5965; x_wconf 77' lang='lat' dir='ltr'><strong>cum</strong></span> <span class='ocrx_word' id='word_1_567' title='bbox 718 5913 828 5964; x_wconf 83' lang='lat' dir='ltr'><strong>cod.</strong></span> <span class='ocrx_word' id='word_1_568' title='bbox 856 5913 989 5965; x_wconf 83' lang='lat' dir='ltr'><strong>Cotb.</strong></span> <span class='ocrx_word' id='word_1_569' title='bbox 1019 5912 1169 5972; x_wconf 67' lang='lat'><strong>1050,</strong></span> <span class='ocrx_word' id='word_1_570' title='bbox 1196 5913 1403 5975; x_wconf 67' lang='lat' dir='ltr'><strong>quinos</strong></span> <span class='ocrx_word' id='word_1_571' title='bbox 1425 5909 1633 5963; x_wconf 79' lang='lat' dir='ltr'><strong>multum</strong></span> <span class='ocrx_word' id='word_1_572' title='bbox 1661 5909 1836 5963; x_wconf 82' lang='lat' dir='ltr'><strong>variat.</strong></span> 
     </span>
    </p>
   </div>
   <div class='ocr_carea' id='block_1_78' title="bbox 1918 2277 3528 2355">
    <p class='ocr_par' dir='ltr' id='par_1_78' title="bbox 1918 2277 3528 2355">
     <span class='ocr_line' id='line_1_78' title="bbox 1918 2277 3528 2355; baseline 0.002 -16"><span class='ocrx_word' id='word_1_573' title='bbox 1918 2285 1988 2339; x_wconf 89' lang='lat' dir='ltr'><strong>ah</strong></span> <span class='ocrx_word' id='word_1_574' title='bbox 2026 2283 2310 2355; x_wconf 79' lang='lat' dir='ltr'><strong>exemplo,</strong></span> <span class='ocrx_word' id='word_1_575' title='bbox 2333 2297 2453 2355; x_wconf 66' lang='lat' dir='ltr'><strong>qua:</strong></span> <span class='ocrx_word' id='word_1_576' title='bbox 2483 2284 2723 2340; x_wconf 86' lang='lat' dir='ltr'><strong>:mirilice</strong></span> <span class='ocrx_word' id='word_1_577' title='bbox 2768 2277 3090 2354; x_wconf 79' lang='lat' dir='ltr'><strong>quadrabat.</strong></span> <span class='ocrx_word' id='word_1_578' title='bbox 3121 2282 3192 2341; x_wconf 83' lang='lat' dir='ltr'><strong>Ut</strong></span> <span class='ocrx_word' id='word_1_579' title='bbox 3220 2284 3364 2340; x_wconf 90' lang='lat' dir='ltr'><strong>enim</strong></span> <span class='ocrx_word' id='word_1_580' title='bbox 3413 2287 3528 2342; x_wconf 88' lang='lat' dir='ltr'><strong>sive</strong></span> 
     </span>
    </p>
   </div>
   <div class='ocr_carea' id='block_1_79' title="bbox 1917 2377 3530 2451">
    <p class='ocr_par' dir='ltr' id='par_1_79' title="bbox 1917 2377 3530 2451">
     <span class='ocr_line' id='line_1_79' title="bbox 1917 2377 3530 2451; baseline -0.001 -19"><span class='ocrx_word' id='word_1_581' title='bbox 1917 2379 2038 2449; x_wconf 88' lang='lat' dir='ltr'><strong>quis</strong></span> <span class='ocrx_word' id='word_1_582' title='bbox 2066 2378 2267 2451; x_wconf 76' lang='lat' dir='ltr'><strong>regiam</strong></span> <span class='ocrx_word' id='word_1_583' title='bbox 2300 2380 2592 2448; x_wconf 82' lang='lat' dir='ltr'><strong>purpuram</strong></span> <span class='ocrx_word' id='word_1_584' title='bbox 2616 2377 2904 2443; x_wconf 76' lang='lat' dir='ltr'><strong>discindat,</strong></span> <span class='ocrx_word' id='word_1_585' title='bbox 2928 2377 3256 2447; x_wconf 88' lang='lat' dir='ltr'><strong>inquiebam,</strong></span> <span class='ocrx_word' id='word_1_586' title='bbox 3283 2378 3395 2433; x_wconf 90' lang='lat' dir='ltr'><strong>sive</strong></span> <span class='ocrx_word' id='word_1_587' title='bbox 3418 2378 3530 2433; x_wconf 85' lang='lat' dir='ltr'><strong>luto</strong></span> 
     </span>
    </p>
   </div>
   <div class='ocr_carea' id='block_1_80' title="bbox 1918 2468 3527 2540">
    <p class='ocr_par' dir='ltr' id='par_1_80' title="bbox 1918 2468 3527 2540">
     <span class='ocr_line' id='line_1_80' title="bbox 1918 2468 3527 2540; baseline 0.001 -17"><span class='ocrx_word' id='word_1_588' title='bbox 1918 2469 2251 2538; x_wconf 89' lang='lat' dir='ltr'><strong>coinquinet,</strong></span> <span class='ocrx_word' id='word_1_589' title='bbox 2286 2484 2352 2523; x_wconf 75' lang='lat' dir='ltr'><strong>ex</strong></span> <span class='ocrx_word' id='word_1_590' title='bbox 2378 2483 2535 2539; x_wconf 69' lang='lat' dir='ltr'><strong>mque</strong></span> <span class='ocrx_word' id='word_1_591' title='bbox 2563 2483 2769 2540; x_wconf 86' lang='lat' dir='ltr'><strong>regem,</strong></span> <span class='ocrx_word' id='word_1_592' title='bbox 2801 2468 2892 2538; x_wconf 92' lang='lat' dir='ltr'><strong>qui</strong></span> <span class='ocrx_word' id='word_1_593' title='bbox 2922 2483 2985 2523; x_wconf 90' lang='lat' dir='ltr'><strong>ea</strong></span> <span class='ocrx_word' id='word_1_594' title='bbox 3018 2468 3235 2523; x_wconf 88' lang='lat' dir='ltr'><strong>indutus</strong></span> <span class='ocrx_word' id='word_1_595' title='bbox 3260 2477 3378 2537; x_wconf 90' lang='lat' dir='ltr'><strong>est,</strong></span> <span class='ocrx_word' id='word_1_596' title='bbox 3407 2471 3527 2524; x_wconf 81' lang='lat' dir='ltr'><strong>alli-</strong></span> 
     </span>
    </p>
   </div>
   <div class='ocr_carea' id='block_1_81' title="bbox 1918 2559 3530 2634">
    <p class='ocr_par' dir='ltr' id='par_1_81' title="bbox 1918 2559 3530 2634">
     <span class='ocr_line' id='line_1_81' title="bbox 1918 2559 3530 2634; baseline 0.002 -19"><span class='ocrx_word' id='word_1_597' title='bbox 1918 2561 2328 2616; x_wconf 90' lang='lat' dir='ltr'><strong>citcontumelia</strong></span> <span class='ocrx_word' id='word_1_598' title='bbox 2351 2561 2463 2616; x_wconf 89' lang='lat' dir='ltr'><strong>:sic</strong></span> <span class='ocrx_word' id='word_1_599' title='bbox 2489 2561 2741 2616; x_wconf 91' lang='lat' dir='ltr'><strong>nimirum</strong></span> <span class='ocrx_word' id='word_1_600' title='bbox 2766 2559 2868 2616; x_wconf 85' lang='lat' dir='ltr'><strong>hoc</strong></span> <span class='ocrx_word' id='word_1_601' title='bbox 2887 2561 3008 2616; x_wconf 88' lang='lat' dir='ltr'><strong>loco</strong></span> <span class='ocrx_word' id='word_1_602' title='bbox 3032 2575 3154 2616; x_wconf 87' lang='lat' dir='ltr'><strong>cum</strong></span> <span class='ocrx_word' id='word_1_603' title='bbox 3183 2562 3280 2627; x_wconf 88' lang='lat' dir='ltr'><strong>illi,</strong></span> <span class='ocrx_word' id='word_1_604' title='bbox 3309 2564 3399 2634; x_wconf 91' lang='lat' dir='ltr'><strong>qui</strong></span> <span class='ocrx_word' id='word_1_605' title='bbox 3425 2563 3530 2618; x_wconf 91' lang='lat' dir='ltr'><strong>Do-</strong></span> 
     </span>
    </p>
   </div>
   <div class='ocr_carea' id='block_1_82' title="bbox 1919 2654 3532 2727">
    <p class='ocr_par' dir='ltr' id='par_1_82' title="bbox 1919 2654 3532 2727">
     <span class='ocr_line' id='line_1_82' title="bbox 1919 2654 3532 2727; baseline -0.001 -17"><span class='ocrx_word' id='word_1_606' title='bbox 1919 2655 2172 2710; x_wconf 86' lang='lat' dir='ltr'><strong>minieum</strong></span> <span class='ocrx_word' id='word_1_607' title='bbox 2197 2667 2393 2727; x_wconf 86' lang='lat' dir='ltr'><strong>corpus</strong></span> <span class='ocrx_word' id='word_1_608' title='bbox 2417 2664 2696 2719; x_wconf 82' lang='lat' dir='ltr'><strong>necarunt,</strong></span> <span class='ocrx_word' id='word_1_609' title='bbox 2718 2665 2830 2709; x_wconf 86' lang='lat' dir='ltr'><strong>tum</strong></span> <span class='ocrx_word' id='word_1_610' title='bbox 2851 2654 2942 2725; x_wconf 87' lang='lat' dir='ltr'><strong>qui</strong></span> <span class='ocrx_word' id='word_1_611' title='bbox 2966 2654 3238 2710; x_wconf 88' lang='lat' dir='ltr'><strong>immunda</strong></span> <span class='ocrx_word' id='word_1_612' title='bbox 3266 2656 3532 2726; x_wconf 87' lang='lat' dir='ltr'><strong>recipiunt</strong></span> 
     </span>
    </p>
   </div>
   <div class='ocr_carea' id='block_1_83' title="bbox 1919 2744 3532 2817">
    <p class='ocr_par' dir='ltr' id='par_1_83' title="bbox 1919 2744 3532 2817">
     <span class='ocr_line' id='line_1_83' title="bbox 1919 2744 3532 2817; baseline 0 -17"><span class='ocrx_word' id='word_1_613' title='bbox 1919 2747 2118 2812; x_wconf 87' lang='lat' dir='ltr'><strong>anima,</strong></span> <span class='ocrx_word' id='word_1_614' title='bbox 2137 2761 2317 2817; x_wconf 85' lang='lat' dir='ltr'><strong>parem</strong></span> <span class='ocrx_word' id='word_1_615' title='bbox 2334 2745 2580 2816; x_wconf 85' lang='lat' dir='ltr'><strong>injuriam</strong></span> <span class='ocrx_word' id='word_1_616' title='bbox 2597 2744 2992 2817; x_wconf 83' lang='lat' dir='ltr'><strong>regioinl&#39;erunt</strong></span> <span class='ocrx_word' id='word_1_617' title='bbox 3005 2745 3346 2801; x_wconf 84' lang='lat' dir='ltr'><strong>vestimento.</strong></span> <span class='ocrx_word' id='word_1_618' title='bbox 3361 2747 3532 2801; x_wconf 83' lang='lat' dir='ltr'><strong>Disci-</strong></span> 
     </span>
    </p>
   </div>
   <div class='ocr_carea' id='block_1_84' title="bbox 1920 2837 3527 2909">
    <p class='ocr_par' dir='ltr' id='par_1_84' title="bbox 1920 2837 3527 2909">
     <span class='ocr_line' id='line_1_84' title="bbox 1920 2837 3527 2909; baseline 0.001 -17"><span class='ocrx_word' id='word_1_619' title='bbox 1920 2838 2115 2893; x_wconf 86' lang='lat' dir='ltr'><strong>derunt</strong></span> <span class='ocrx_word' id='word_1_620' title='bbox 2137 2838 2353 2909; x_wconf 89' lang='lat' dir='ltr'><strong>quidem</strong></span> <span class='ocrx_word' id='word_1_621' title='bbox 2381 2839 2509 2894; x_wconf 90' lang='lat' dir='ltr'><strong>illud</strong></span> <span class='ocrx_word' id='word_1_622' title='bbox 2534 2838 2586 2894; x_wconf 88' lang='lat' dir='ltr'><strong>in</strong></span> <span class='ocrx_word' id='word_1_623' title='bbox 2610 2853 2772 2894; x_wconf 86' lang='lat' dir='ltr'><strong>cruce</strong></span> <span class='ocrx_word' id='word_1_624' title='bbox 2795 2837 2989 2902; x_wconf 68' lang='lat' dir='ltr'><strong>Judaei;</strong></span> <span class='ocrx_word' id='word_1_625' title='bbox 3018 2838 3527 2909; x_wconf 81' lang='lat' dir='ltr'><strong>coinquinat-autem</strong></span> 
     </span>
    </p>
   </div>
   <div class='ocr_carea' id='block_1_85' title="bbox 1923 2928 3533 3001">
    <p class='ocr_par' dir='ltr' id='par_1_85' title="bbox 1923 2928 3533 3001">
     <span class='ocr_line' id='line_1_85' title="bbox 1923 2928 3533 3001; baseline -0.001 -17"><span class='ocrx_word' id='word_1_626' title='bbox 1923 2928 1988 2995; x_wconf 89' lang='lat' dir='ltr'><strong>is,</strong></span> <span class='ocrx_word' id='word_1_627' title='bbox 2008 2931 2098 3000; x_wconf 90' lang='lat' dir='ltr'><strong>qui</strong></span> <span class='ocrx_word' id='word_1_628' title='bbox 2132 2930 2400 2985; x_wconf 85' lang='lat' dir='ltr'><strong>immunda</strong></span> <span class='ocrx_word' id='word_1_629' title='bbox 2429 2930 2653 3000; x_wconf 84' lang='lat' dir='ltr'><strong>suscipit</strong></span> <span class='ocrx_word' id='word_1_630' title='bbox 2678 2929 2808 2985; x_wconf 90' lang='lat' dir='ltr'><strong>illud</strong></span> <span class='ocrx_word' id='word_1_631' title='bbox 2841 2930 3018 2986; x_wconf 85' lang='lat' dir='ltr'><strong>anima</strong></span> <span class='ocrx_word' id='word_1_632' title='bbox 3045 2945 3061 2984; x_wconf 87' lang='lat'><strong>:</strong></span> <span class='ocrx_word' id='word_1_633' title='bbox 3088 2930 3269 3001; x_wconf 84' lang='lat' dir='ltr'><strong>itaque</strong></span> <span class='ocrx_word' id='word_1_634' title='bbox 3299 2930 3426 2986; x_wconf 90' lang='lat' dir='ltr'><strong>licet</strong></span> <span class='ocrx_word' id='word_1_635' title='bbox 3451 2930 3533 2985; x_wconf 47' lang='lat' dir='ltr'><strong>di;</strong></span> 
     </span>
    </p>
   </div>
   <div class='ocr_carea' id='block_1_86' title="bbox 1919 3003 3533 3092">
    <p class='ocr_par' dir='ltr' id='par_1_86' title="bbox 1919 3003 3533 3092">
     <span class='ocr_line' id='line_1_86' title="bbox 1919 3003 3533 3092; baseline -0.001 -16"><span class='ocrx_word' id='word_1_636' title='bbox 1919 3036 2077 3077; x_wconf 89' lang='lat' dir='ltr'><strong>versa</strong></span> <span class='ocrx_word' id='word_1_637' title='bbox 2103 3032 2321 3092; x_wconf 84' lang='lat' dir='ltr'><strong>peccata</strong></span> <span class='ocrx_word' id='word_1_638' title='bbox 2345 3021 2472 3088; x_wconf 88' lang='lat' dir='ltr'><strong>sint,</strong></span> <span class='ocrx_word' id='word_1_639' title='bbox 2491 3030 2669 3077; x_wconf 86' lang='lat' dir='ltr'><strong>tamen</strong></span> <span class='ocrx_word' id='word_1_640' title='bbox 2683 3022 2905 3092; x_wconf 79' lang='lat' dir='ltr'><strong>aequalis</strong></span> <span class='ocrx_word' id='word_1_641' title='bbox 2917 3030 3000 3076; x_wconf 88' lang='lat' dir='ltr'><strong>est</strong></span> <span class='ocrx_word' id='word_1_642' title='bbox 3027 3003 3376 3090; x_wconf 36' lang='lat' dir='ltr'><strong>injuria‘.&#39;lioc</strong></span> <span class='ocrx_word' id='word_1_643' title='bbox 3395 3021 3533 3076; x_wconf 78' lang='lat' dir='ltr'><strong>mul-</strong></span> 
     </span>
    </p>
   </div>
   <div class='ocr_carea' id='block_1_87' title="bbox 1924 3112 3530 3183">
    <p class='ocr_par' dir='ltr' id='par_1_87' title="bbox 1924 3112 3530 3183">
     <span class='ocr_line' id='line_1_87' title="bbox 1924 3112 3530 3183; baseline -0.001 -16"><span class='ocrx_word' id='word_1_644' title='bbox 1924 3121 2010 3168; x_wconf 90' lang='lat' dir='ltr'><strong>tos</strong></span> <span class='ocrx_word' id='word_1_645' title='bbox 2030 3113 2481 3183; x_wconf 80' lang='lat' dir='ltr'><strong>perstrinxit,hoe</strong></span> <span class='ocrx_word' id='word_1_646' title='bbox 2492 3112 2692 3168; x_wconf 88' lang='lat' dir='ltr'><strong>multos</strong></span> <span class='ocrx_word' id='word_1_647' title='bbox 2712 3113 3063 3183; x_wconf 79' lang='lat' dir='ltr'><strong>perturbavit,</strong></span> <span class='ocrx_word' id='word_1_648' title='bbox 3079 3121 3137 3168; x_wconf 87' lang='lat' dir='ltr'><strong>et</strong></span> <span class='ocrx_word' id='word_1_649' title='bbox 3147 3112 3530 3168; x_wconf 77' lang='lat' dir='ltr'><strong>conscientiam</strong></span> 
     </span>
    </p>
   </div>
   <div class='ocr_carea' id='block_1_88' title="bbox 1922 3203 3535 3276">
    <p class='ocr_par' dir='ltr' id='par_1_88' title="bbox 1922 3203 3535 3276">
     <span class='ocr_line' id='line_1_88' title="bbox 1922 3203 3535 3276; baseline 0.001 -18"><span class='ocrx_word' id='word_1_650' title='bbox 1922 3205 2228 3259; x_wconf 87' lang='lat' dir='ltr'><strong>auditorum</strong></span> <span class='ocrx_word' id='word_1_651' title='bbox 2251 3204 2491 3276; x_wconf 78' lang='lat' dir='ltr'><strong>pupugit,</strong></span> <span class='ocrx_word' id='word_1_652' title='bbox 2513 3218 2613 3259; x_wconf 90' lang='lat' dir='ltr'><strong>nec</strong></span> <span class='ocrx_word' id='word_1_653' title='bbox 2639 3203 2946 3259; x_wconf 81' lang='lat' dir='ltr'><strong>auditarum</strong></span> <span class='ocrx_word' id='word_1_654' title='bbox 2975 3213 3205 3271; x_wconf 87' lang='lat' dir='ltr'><strong>tantum,</strong></span> <span class='ocrx_word' id='word_1_655' title='bbox 3220 3203 3316 3260; x_wconf 86' lang='lat' dir='ltr'><strong>sed</strong></span> <span class='ocrx_word' id='word_1_656' title='bbox 3333 3219 3535 3272; x_wconf 85' lang='lat' dir='ltr'><strong>meam,</strong></span> 
     </span>
    </p>
   </div>
   <div class='ocr_carea' id='block_1_89' title="bbox 1924 3287 3536 3368">
    <p class='ocr_par' dir='ltr' id='par_1_89' title="bbox 1924 3287 3536 3368">
     <span class='ocr_line' id='line_1_89' title="bbox 1924 3287 3536 3368; baseline 0.001 -18"><span class='ocrx_word' id='word_1_657' title='bbox 1924 3297 2015 3367; x_wconf 91' lang='lat' dir='ltr'><strong>qui</strong></span> <span class='ocrx_word' id='word_1_658' title='bbox 2035 3296 2100 3350; x_wconf 89' lang='lat' dir='ltr'><strong>ad</strong></span> <span class='ocrx_word' id='word_1_659' title='bbox 2126 3311 2223 3352; x_wconf 83' lang='lat' dir='ltr'><strong>vos</strong></span> <span class='ocrx_word' id='word_1_660' title='bbox 2234 3311 2544 3352; x_wconf 83' lang='lat' dir='ltr'><strong>sermonem</strong></span> <span class='ocrx_word' id='word_1_661' title='bbox 2561 3295 2751 3364; x_wconf 82' lang='lat' dir='ltr'><strong>habeo,</strong></span> <span class='ocrx_word' id='word_1_662' title='bbox 2768 3296 2914 3368; x_wconf 84' lang='lat' dir='ltr'><strong>prius</strong></span> <span class='ocrx_word' id='word_1_663' title='bbox 2930 3287 3089 3366; x_wconf 84' lang='lat' dir='ltr'><strong>quam</strong></span> <span class='ocrx_word' id='word_1_664' title='bbox 3101 3307 3354 3352; x_wconf 65' lang='lat' dir='ltr'><strong>matram.</strong></span> <span class='ocrx_word' id='word_1_665' title='bbox 3369 3296 3504 3351; x_wconf 86' lang='lat' dir='ltr'><strong>Com</strong></span> <span class='ocrx_word' id='word_1_666' title='bbox 3515 3326 3536 3339; x_wconf 85' lang='lat'><strong>-</strong></span> 
     </span>
    </p>
   </div>
   <div class='ocr_carea' id='block_1_90' title="bbox 1927 3386 3551 3460">
    <p class='ocr_par' dir='ltr' id='par_1_90' title="bbox 1927 3386 3551 3460">
     <span class='ocr_line' id='line_1_90' title="bbox 1927 3386 3551 3460; baseline -0.001 -17"><span class='ocrx_word' id='word_1_667' title='bbox 1927 3389 2106 3443; x_wconf 81' lang='lat' dir='ltr'><strong>munis</strong></span> <span class='ocrx_word' id='word_1_668' title='bbox 2138 3397 2221 3444; x_wconf 80' lang='lat' dir='ltr'><strong>est</strong></span> <span class='ocrx_word' id='word_1_669' title='bbox 2249 3389 2449 3460; x_wconf 86' lang='lat' dir='ltr'><strong>quippe</strong></span> <span class='ocrx_word' id='word_1_670' title='bbox 2475 3387 2755 3455; x_wconf 86' lang='lat' dir='ltr'><strong>doctrina,</strong></span> <span class='ocrx_word' id='word_1_671' title='bbox 2775 3386 3082 3443; x_wconf 79' lang='lat' dir='ltr'><strong>communia</strong></span> <span class='ocrx_word' id='word_1_672' title='bbox 3109 3396 3232 3442; x_wconf 88' lang='lat' dir='ltr'><strong>sunt</strong></span> <span class='ocrx_word' id='word_1_673' title='bbox 3268 3387 3487 3443; x_wconf 78' lang='lat' dir='ltr'><strong>vulnera</strong></span> <span class='ocrx_word' id='word_1_674' title='bbox 3519 3404 3551 3441; x_wconf 90' lang='lat'><strong>:-</strong></span> 
     </span>
    </p>
   </div>
   <div class='ocr_carea' id='block_1_91' title="bbox 1928 3476 3536 3550">
    <p class='ocr_par' dir='ltr' id='par_1_91' title="bbox 1928 3476 3536 3550">
     <span class='ocr_line' id='line_1_91' title="bbox 1928 3476 3536 3550; baseline 0.001 -18"><span class='ocrx_word' id='word_1_675' title='bbox 1928 3488 2255 3550; x_wconf 86' lang='lat' dir='ltr'><strong>quapropter</strong></span> <span class='ocrx_word' id='word_1_676' title='bbox 2294 3488 2348 3535; x_wconf 89' lang='lat' dir='ltr'><strong>et</strong></span> <span class='ocrx_word' id='word_1_677' title='bbox 2373 3478 2675 3536; x_wconf 88' lang='lat' dir='ltr'><strong>communia</strong></span> <span class='ocrx_word' id='word_1_678' title='bbox 2704 3478 2937 3534; x_wconf 87' lang='lat' dir='ltr'><strong>adhibeo</strong></span> <span class='ocrx_word' id='word_1_679' title='bbox 2980 3477 3392 3534; x_wconf 88' lang='lat' dir='ltr'><strong>medicamenta.</strong></span> <span class='ocrx_word' id='word_1_680' title='bbox 3421 3476 3536 3533; x_wconf 88' lang='lat' dir='ltr'><strong>lloe</strong></span> 
     </span>
    </p>
   </div>
   <div class='ocr_carea' id='block_1_92' title="bbox 1928 3569 3537 3642">
    <p class='ocr_par' dir='ltr' id='par_1_92' title="bbox 1928 3569 3537 3642">
     <span class='ocr_line' id='line_1_92' title="bbox 1928 3569 3537 3642; baseline 0.001 -18"><span class='ocrx_word' id='word_1_681' title='bbox 1928 3569 2126 3624; x_wconf 76' lang='lat' dir='ltr'><strong>divina:</strong></span> <span class='ocrx_word' id='word_1_682' title='bbox 2153 3571 2498 3642; x_wconf 83' lang='lat' dir='ltr'><strong>benignitatis</strong></span> <span class='ocrx_word' id='word_1_683' title='bbox 2539 3585 2678 3642; x_wconf 88' lang='lat' dir='ltr'><strong>opus</strong></span> <span class='ocrx_word' id='word_1_684' title='bbox 2705 3569 2802 3625; x_wconf 84' lang='lat' dir='ltr'><strong>luit</strong></span> <span class='ocrx_word' id='word_1_685' title='bbox 2821 3610 2838 3638; x_wconf 92' lang='lat'><strong>,</strong></span> <span class='ocrx_word' id='word_1_686' title='bbox 2871 3579 2929 3626; x_wconf 88' lang='lat' dir='ltr'><strong>ut</strong></span> <span class='ocrx_word' id='word_1_687' title='bbox 2953 3579 3008 3626; x_wconf 92' lang='lat' dir='ltr'><strong>et</strong></span> <span class='ocrx_word' id='word_1_688' title='bbox 3035 3570 3082 3625; x_wconf 91' lang='lat' dir='ltr'><strong>is</strong></span> <span class='ocrx_word' id='word_1_689' title='bbox 3107 3570 3202 3642; x_wconf 89' lang='lat' dir='ltr'><strong>qui</strong></span> <span class='ocrx_word' id='word_1_690' title='bbox 3230 3586 3537 3630; x_wconf 81' lang='lat' dir='ltr'><strong>sermonem</strong></span> 
     </span>
    </p>
   </div>
   <div class='ocr_carea' id='block_1_93' title="bbox 1931 3661 3540 3735">
    <p class='ocr_par' dir='ltr' id='par_1_93' title="bbox 1931 3661 3540 3735">
     <span class='ocr_line' id='line_1_93' title="bbox 1931 3661 3540 3735; baseline 0.003 -20"><span class='ocrx_word' id='word_1_691' title='bbox 1931 3661 2125 3729; x_wconf 87' lang='lat' dir='ltr'><strong>habet,</strong></span> <span class='ocrx_word' id='word_1_692' title='bbox 2173 3672 2228 3719; x_wconf 89' lang='lat' dir='ltr'><strong>et</strong></span> <span class='ocrx_word' id='word_1_693' title='bbox 2268 3665 2358 3734; x_wconf 92' lang='lat' dir='ltr'><strong>qui</strong></span> <span class='ocrx_word' id='word_1_694' title='bbox 2401 3664 2663 3730; x_wconf 78' lang='lat' dir='ltr'><strong>audiunt,</strong></span> <span class='ocrx_word' id='word_1_695' title='bbox 2703 3662 2894 3719; x_wconf 80' lang='lat' dir='ltr'><strong>iisdem</strong></span> <span class='ocrx_word' id='word_1_696' title='bbox 2942 3663 3253 3731; x_wconf 74' lang='lat' dir='ltr'><strong>subiaceant</strong></span> <span class='ocrx_word' id='word_1_697' title='bbox 3294 3664 3540 3735; x_wconf 73' lang='lat' dir='ltr'><strong>legibus,</strong></span> 
     </span>
    </p>
   </div>
   <div class='ocr_carea' id='block_1_94' title="bbox 1930 3754 3540 3828">
    <p class='ocr_par' dir='ltr' id='par_1_94' title="bbox 1930 3754 3540 3828">
     <span class='ocr_line' id='line_1_94' title="bbox 1930 3754 3540 3828; baseline 0.002 -19"><span class='ocrx_word' id='word_1_698' title='bbox 1930 3754 2171 3825; x_wconf 81' lang='lat' dir='ltr'><strong>ejusdem</strong></span> <span class='ocrx_word' id='word_1_699' title='bbox 2190 3756 2477 3827; x_wconf 90' lang='lat' dir='ltr'><strong>participes</strong></span> <span class='ocrx_word' id='word_1_700' title='bbox 2495 3757 2603 3811; x_wconf 85' lang='lat' dir='ltr'><strong>sint</strong></span> <span class='ocrx_word' id='word_1_701' title='bbox 2622 3766 2849 3823; x_wconf 68' lang='lat' dir='ltr'><strong>naturas,</strong></span> <span class='ocrx_word' id='word_1_702' title='bbox 2868 3765 2922 3814; x_wconf 92' lang='lat' dir='ltr'><strong>et</strong></span> <span class='ocrx_word' id='word_1_703' title='bbox 2951 3757 3150 3828; x_wconf 89' lang='lat' dir='ltr'><strong>pariter</strong></span> <span class='ocrx_word' id='word_1_704' title='bbox 3166 3772 3290 3813; x_wconf 87' lang='lat' dir='ltr'><strong>reus</strong></span> <span class='ocrx_word' id='word_1_705' title='bbox 3310 3759 3540 3828; x_wconf 82' lang='lat' dir='ltr'><strong>quisque</strong></span> 
     </span>
    </p>
   </div>
   <div class='ocr_carea' id='block_1_95' title="bbox 1931 3849 3543 3921">
    <p class='ocr_par' dir='ltr' id='par_1_95' title="bbox 1931 3849 3543 3921">
     <span class='ocr_line' id='line_1_95' title="bbox 1931 3849 3543 3921; baseline 0.002 -18"><span class='ocrx_word' id='word_1_706' title='bbox 1931 3850 2005 3904; x_wconf 86' lang='lat' dir='ltr'><strong>sit</strong></span> <span class='ocrx_word' id='word_1_707' title='bbox 2025 3891 2040 3914; x_wconf 97' lang='lat'><strong>,</strong></span> <span class='ocrx_word' id='word_1_708' title='bbox 2065 3849 2153 3904; x_wconf 78' lang='lat' dir='ltr'><strong>ubi</strong></span> <span class='ocrx_word' id='word_1_709' title='bbox 2187 3859 2549 3921; x_wconf 83' lang='lat' dir='ltr'><strong>transgressus</strong></span> <span class='ocrx_word' id='word_1_710' title='bbox 2581 3851 2752 3921; x_wconf 83' lang='lat' dir='ltr'><strong>legem</strong></span> <span class='ocrx_word' id='word_1_711' title='bbox 2796 3849 2976 3908; x_wconf 73' lang='lat' dir='ltr'><strong>fuerit.</strong></span> <span class='ocrx_word' id='word_1_712' title='bbox 3005 3849 3117 3918; x_wconf 88' lang='lat' dir='ltr'><strong>Qua</strong></span> <span class='ocrx_word' id='word_1_713' title='bbox 3148 3850 3218 3905; x_wconf 90' lang='lat' dir='ltr'><strong>de</strong></span> <span class='ocrx_word' id='word_1_714' title='bbox 3242 3849 3446 3905; x_wconf 82' lang='lat' dir='ltr'><strong>causa?</strong></span> <span class='ocrx_word' id='word_1_715' title='bbox 3473 3849 3543 3907; x_wconf 71' lang='lat' dir='ltr'><strong>lit</strong></span> 
     </span>
    </p>
   </div>
   <div class='ocr_carea' id='block_1_96' title="bbox 1936 3941 3538 4013">
    <p class='ocr_par' dir='ltr' id='par_1_96' title="bbox 1936 3941 3538 4013">
     <span class='ocr_line' id='line_1_96' title="bbox 1936 3941 3538 4013; baseline 0.001 -17"><span class='ocrx_word' id='word_1_716' title='bbox 1936 3943 2271 3998; x_wconf 87' lang='lat' dir='ltr'><strong>moderatam</strong></span> <span class='ocrx_word' id='word_1_717' title='bbox 2303 3943 2556 3998; x_wconf 79' lang='lat' dir='ltr'><strong>adhibeat</strong></span> <span class='ocrx_word' id='word_1_718' title='bbox 2585 3943 3005 4013; x_wconf 87' lang='lat' dir='ltr'><strong>increpationem</strong></span> <span class='ocrx_word' id='word_1_719' title='bbox 3028 3983 3048 4010; x_wconf 90' lang='lat'><strong>,</strong></span> <span class='ocrx_word' id='word_1_720' title='bbox 3078 3951 3136 3996; x_wconf 92' lang='lat' dir='ltr'><strong>ut</strong></span> <span class='ocrx_word' id='word_1_721' title='bbox 3175 3941 3538 4013; x_wconf 74' lang='lat' dir='ltr'><strong>indulgentior</strong></span> 
     </span>
    </p>
   </div>
   <div class='ocr_carea' id='block_1_97' title="bbox 1934 4034 3552 4107">
    <p class='ocr_par' dir='ltr' id='par_1_97' title="bbox 1934 4034 3552 4107">
     <span class='ocr_line' id='line_1_97' title="bbox 1934 4034 3552 4107; baseline -0.001 -18"><span class='ocrx_word' id='word_1_722' title='bbox 1934 4035 2027 4089; x_wconf 86' lang='lat' dir='ltr'><strong>liat</strong></span> <span class='ocrx_word' id='word_1_723' title='bbox 2054 4035 2106 4088; x_wconf 90' lang='lat' dir='ltr'><strong>in</strong></span> <span class='ocrx_word' id='word_1_724' title='bbox 2137 4050 2232 4090; x_wconf 88' lang='lat' dir='ltr'><strong>eos</strong></span> <span class='ocrx_word' id='word_1_725' title='bbox 2259 4035 2350 4107; x_wconf 88' lang='lat' dir='ltr'><strong>qui</strong></span> <span class='ocrx_word' id='word_1_726' title='bbox 2378 4044 2624 4106; x_wconf 85' lang='lat' dir='ltr'><strong>peccant,</strong></span> <span class='ocrx_word' id='word_1_727' title='bbox 2657 4043 2718 4090; x_wconf 88' lang='lat' dir='ltr'><strong>ut</strong></span> <span class='ocrx_word' id='word_1_728' title='bbox 2746 4051 2834 4102; x_wconf 88' lang='lat' dir='ltr'><strong>ne,</strong></span> <span class='ocrx_word' id='word_1_729' title='bbox 2865 4036 3096 4106; x_wconf 73' lang='lat' dir='ltr'><strong>propria:</strong></span> <span class='ocrx_word' id='word_1_730' title='bbox 3123 4050 3337 4088; x_wconf 87' lang='lat' dir='ltr'><strong>memor</strong></span> <span class='ocrx_word' id='word_1_731' title='bbox 3364 4034 3552 4089; x_wconf 85' lang='lat' dir='ltr'><strong>imbe—</strong></span> 
     </span>
    </p>
   </div>
   <div class='ocr_carea' id='block_1_98' title="bbox 1933 4128 3552 4200">
    <p class='ocr_par' dir='ltr' id='par_1_98' title="bbox 1933 4128 3552 4200">
     <span class='ocr_line' id='line_1_98' title="bbox 1933 4128 3552 4200; baseline -0.002 -13"><span class='ocrx_word' id='word_1_732' title='bbox 1933 4131 2192 4196; x_wconf 84' lang='lat' dir='ltr'><strong>cillitatis,</strong></span> <span class='ocrx_word' id='word_1_733' title='bbox 2207 4130 2597 4186; x_wconf 86' lang='lat' dir='ltr'><strong>intolerandam</strong></span> <span class='ocrx_word' id='word_1_734' title='bbox 2617 4129 2870 4186; x_wconf 86' lang='lat' dir='ltr'><strong>adhibeat</strong></span> <span class='ocrx_word' id='word_1_735' title='bbox 2888 4128 3384 4200; x_wconf 86' lang='lat' dir='ltr'><strong>reprehensionem.</strong></span> <span class='ocrx_word' id='word_1_736' title='bbox 3412 4129 3552 4184; x_wconf 83' lang='lat' dir='ltr'><strong>Pro-</strong></span> 
     </span>
    </p>
   </div>
   <div class='ocr_carea' id='block_1_99' title="bbox 1935 4219 3542 4296">
    <p class='ocr_par' dir='ltr' id='par_1_99' title="bbox 1935 4219 3542 4296">
     <span class='ocr_line' id='line_1_99' title="bbox 1935 4219 3542 4296; baseline -0.002 -17"><span class='ocrx_word' id='word_1_737' title='bbox 1935 4234 2121 4296; x_wconf 84' lang='lat' dir='ltr'><strong>pterea</strong></span> <span class='ocrx_word' id='word_1_738' title='bbox 2151 4238 2261 4278; x_wconf 83' lang='lat' dir='ltr'><strong>non</strong></span> <span class='ocrx_word' id='word_1_739' title='bbox 2287 4223 2504 4294; x_wconf 83' lang='lat' dir='ltr'><strong>angelos</strong></span> <span class='ocrx_word' id='word_1_740' title='bbox 2535 4237 2568 4279; x_wconf 88' lang='lat' dir='ltr'><strong>e</strong></span> <span class='ocrx_word' id='word_1_741' title='bbox 2595 4222 2728 4279; x_wconf 67' lang='lat' dir='ltr'><strong>ctelo</strong></span> <span class='ocrx_word' id='word_1_742' title='bbox 2751 4221 3002 4292; x_wconf 85' lang='lat' dir='ltr'><strong>delapsos</strong></span> <span class='ocrx_word' id='word_1_743' title='bbox 3029 4221 3313 4292; x_wconf 70' lang='lat' dir='ltr'><strong>magistros</strong></span> <span class='ocrx_word' id='word_1_744' title='bbox 3343 4219 3542 4275; x_wconf 79' lang='lat' dir='ltr'><strong>huma-</strong></span> 
     </span>
    </p>
   </div>
   <div class='ocr_carea' id='block_1_100' title="bbox 1935 4315 3541 4389">
    <p class='ocr_par' dir='ltr' id='par_1_100' title="bbox 1935 4315 3541 4389">
     <span class='ocr_line' id='line_1_100' title="bbox 1935 4315 3541 4389; baseline -0.001 -15"><span class='ocrx_word' id='word_1_745' title='bbox 1935 4333 2019 4374; x_wconf 72' lang='lat' dir='ltr'><strong>na:</strong></span> <span class='ocrx_word' id='word_1_746' title='bbox 2045 4329 2250 4374; x_wconf 80' lang='lat' dir='ltr'><strong>natura:</strong></span> <span class='ocrx_word' id='word_1_747' title='bbox 2278 4317 2541 4389; x_wconf 58' lang='lat' dir='ltr'><strong>prafecit,</strong></span> <span class='ocrx_word' id='word_1_748' title='bbox 2565 4329 2632 4372; x_wconf 89' lang='lat' dir='ltr'><strong>ne</strong></span> <span class='ocrx_word' id='word_1_749' title='bbox 2658 4325 2878 4388; x_wconf 88' lang='lat' dir='ltr'><strong>propter</strong></span> <span class='ocrx_word' id='word_1_750' title='bbox 2903 4315 3281 4370; x_wconf 71' lang='lat' dir='ltr'><strong>excellentiam</strong></span> <span class='ocrx_word' id='word_1_751' title='bbox 3309 4324 3541 4372; x_wconf 72' lang='lat' dir='ltr'><strong>natum.</strong></span> 
     </span>
    </p>
   </div>
   <div class='ocr_carea' id='block_1_101' title="bbox 1935 4406 3545 4480">
    <p class='ocr_par' dir='ltr' id='par_1_101' title="bbox 1935 4406 3545 4480">
     <span class='ocr_line' id='line_1_101' title="bbox 1935 4406 3545 4480; baseline -0.002 -16"><span class='ocrx_word' id='word_1_752' title='bbox 1935 4419 2096 4480; x_wconf 88' lang='lat' dir='ltr'><strong>atque</strong></span> <span class='ocrx_word' id='word_1_753' title='bbox 2141 4411 2387 4465; x_wconf 69' lang='lat' dir='ltr'><strong>humana:</strong></span> <span class='ocrx_word' id='word_1_754' title='bbox 2443 4407 2776 4464; x_wconf 77' lang='lat' dir='ltr'><strong>inﬁrmitatis</strong></span> <span class='ocrx_word' id='word_1_755' title='bbox 2813 4407 3200 4477; x_wconf 68' lang='lat' dir='ltr'><strong>ignorationem</strong></span> <span class='ocrx_word' id='word_1_756' title='bbox 3243 4406 3545 4475; x_wconf 83' lang='lat' dir='ltr'><strong>asperiores</strong></span> 
     </span>
    </p>
   </div>
   <div class='ocr_carea' id='block_1_102' title="bbox 1936 4498 3543 4572">
    <p class='ocr_par' dir='ltr' id='par_1_102' title="bbox 1936 4498 3543 4572">
     <span class='ocr_line' id='line_1_102' title="bbox 1936 4498 3543 4572; baseline -0.003 -15"><span class='ocrx_word' id='word_1_757' title='bbox 1936 4503 2384 4572; x_wconf 83' lang='lat' dir='ltr'><strong>reprehensiones</strong></span> <span class='ocrx_word' id='word_1_758' title='bbox 2414 4502 2573 4556; x_wconf 89' lang='lat' dir='ltr'><strong>nobis</strong></span> <span class='ocrx_word' id='word_1_759' title='bbox 2601 4500 2918 4556; x_wconf 86' lang='lat' dir='ltr'><strong>adhiberent</strong></span> <span class='ocrx_word' id='word_1_760' title='bbox 2946 4517 2963 4552; x_wconf 86' lang='lat'><strong>:</strong></span> <span class='ocrx_word' id='word_1_761' title='bbox 2989 4499 3084 4554; x_wconf 83' lang='lat' dir='ltr'><strong>sed</strong></span> <span class='ocrx_word' id='word_1_762' title='bbox 3115 4498 3362 4554; x_wconf 83' lang='lat' dir='ltr'><strong>homines</strong></span> <span class='ocrx_word' id='word_1_763' title='bbox 3393 4512 3543 4553; x_wconf 88' lang='lat' dir='ltr'><strong>mor-</strong></span> 
     </span>
    </p>
   </div>
   <div class='ocr_carea' id='block_1_103' title="bbox 1937 4590 3548 4666">
    <p class='ocr_par' dir='ltr' id='par_1_103' title="bbox 1937 4590 3548 4666">
     <span class='ocr_line' id='line_1_103' title="bbox 1937 4590 3548 4666; baseline -0.004 -17"><span class='ocrx_word' id='word_1_764' title='bbox 1937 4596 2073 4650; x_wconf 89' lang='lat' dir='ltr'><strong>tales</strong></span> <span class='ocrx_word' id='word_1_765' title='bbox 2098 4595 2382 4666; x_wconf 82' lang='lat' dir='ltr'><strong>magistros</strong></span> <span class='ocrx_word' id='word_1_766' title='bbox 2407 4609 2471 4650; x_wconf 88' lang='lat' dir='ltr'><strong>ac</strong></span> <span class='ocrx_word' id='word_1_767' title='bbox 2495 4594 2802 4649; x_wconf 83' lang='lat' dir='ltr'><strong>sacerdotes</strong></span> <span class='ocrx_word' id='word_1_768' title='bbox 2836 4592 3103 4647; x_wconf 82' lang='lat' dir='ltr'><strong>concessit</strong></span> <span class='ocrx_word' id='word_1_769' title='bbox 3122 4633 3137 4657; x_wconf 91' lang='lat'><strong>,</strong></span> <span class='ocrx_word' id='word_1_770' title='bbox 3170 4591 3415 4646; x_wconf 86' lang='lat' dir='ltr'><strong>homines</strong></span> <span class='ocrx_word' id='word_1_771' title='bbox 3457 4590 3548 4644; x_wconf 84' lang='lat' dir='ltr'><strong>in-</strong></span> 
     </span>
    </p>
   </div>
   <div class='ocr_carea' id='block_1_104' title="bbox 1937 4681 3547 4762">
    <p class='ocr_par' dir='ltr' id='par_1_104' title="bbox 1937 4681 3547 4762">
     <span class='ocr_line' id='line_1_104' title="bbox 1937 4681 3547 4762; baseline -0.004 -18"><span class='ocrx_word' id='word_1_772' title='bbox 1937 4689 2191 4744; x_wconf 79' lang='lat' dir='ltr'><strong>ﬁmitate</strong></span> <span class='ocrx_word' id='word_1_773' title='bbox 2219 4687 2579 4762; x_wconf 75' lang='lat' dir='ltr'><strong>circumdatos</strong></span> <span class='ocrx_word' id='word_1_774' title='bbox 2602 4729 2616 4751; x_wconf 88' lang='lat'><strong>,</strong></span> <span class='ocrx_word' id='word_1_775' title='bbox 2646 4694 2706 4741; x_wconf 89' lang='lat' dir='ltr'><strong>ut</strong></span> <span class='ocrx_word' id='word_1_776' title='bbox 2733 4685 2835 4740; x_wconf 86' lang='lat' dir='ltr'><strong>hoe</strong></span> <span class='ocrx_word' id='word_1_777' title='bbox 2863 4684 2981 4754; x_wconf 84' lang='lat' dir='ltr'><strong>ipso</strong></span> <span class='ocrx_word' id='word_1_778' title='bbox 3003 4723 3020 4751; x_wconf 93' lang='lat'><strong>,</strong></span> <span class='ocrx_word' id='word_1_779' title='bbox 3045 4682 3186 4754; x_wconf 78' lang='lat' dir='ltr'><strong>quod</strong></span> <span class='ocrx_word' id='word_1_780' title='bbox 3215 4681 3418 4738; x_wconf 85' lang='lat' dir='ltr'><strong>eisdem</strong></span> <span class='ocrx_word' id='word_1_781' title='bbox 3443 4681 3547 4738; x_wconf 85' lang='lat' dir='ltr'><strong>ob-</strong></span> 
     </span>
    </p>
   </div>
   <div class='ocr_carea' id='block_1_105' title="bbox 1938 4773 3546 4849">
    <p class='ocr_par' dir='ltr' id='par_1_105' title="bbox 1938 4773 3546 4849">
     <span class='ocr_line' id='line_1_105' title="bbox 1938 4773 3546 4849; baseline -0.005 -14"><span class='ocrx_word' id='word_1_782' title='bbox 1938 4781 2088 4836; x_wconf 72' lang='lat' dir='ltr'><strong>noxii</strong></span> <span class='ocrx_word' id='word_1_783' title='bbox 2115 4780 2312 4846; x_wconf 85' lang='lat' dir='ltr'><strong>sint,et</strong></span> <span class='ocrx_word' id='word_1_784' title='bbox 2326 4780 2370 4834; x_wconf 93' lang='lat' dir='ltr'><strong>is</strong></span> <span class='ocrx_word' id='word_1_785' title='bbox 2385 4779 2473 4849; x_wconf 90' lang='lat' dir='ltr'><strong>qui</strong></span> <span class='ocrx_word' id='word_1_786' title='bbox 2492 4791 2795 4834; x_wconf 83' lang='lat' dir='ltr'><strong>sermonem</strong></span> <span class='ocrx_word' id='word_1_787' title='bbox 2822 4777 3003 4840; x_wconf 88' lang='lat' dir='ltr'><strong>habet,</strong></span> <span class='ocrx_word' id='word_1_788' title='bbox 3021 4782 3077 4830; x_wconf 90' lang='lat' dir='ltr'><strong>et</strong></span> <span class='ocrx_word' id='word_1_789' title='bbox 3099 4775 3178 4830; x_wconf 90' lang='lat' dir='ltr'><strong>illi</strong></span> <span class='ocrx_word' id='word_1_790' title='bbox 3192 4774 3283 4845; x_wconf 92' lang='lat' dir='ltr'><strong>qui</strong></span> <span class='ocrx_word' id='word_1_791' title='bbox 3299 4773 3546 4841; x_wconf 76' lang='lat' dir='ltr'><strong>audiunt,</strong></span> 
     </span>
    </p>
   </div>
   <div class='ocr_carea' id='block_1_106' title="bbox 1937 4866 3552 4942">
    <p class='ocr_par' dir='ltr' id='par_1_106' title="bbox 1937 4866 3552 4942">
     <span class='ocr_line' id='line_1_106' title="bbox 1937 4866 3552 4942; baseline -0.005 -14"><span class='ocrx_word' id='word_1_792' title='bbox 1937 4872 2333 4928; x_wconf 88' lang='lat' dir='ltr'><strong>concionatoris</strong></span> <span class='ocrx_word' id='word_1_793' title='bbox 2360 4872 2554 4942; x_wconf 77' lang='lat' dir='ltr'><strong>lingua:</strong></span> <span class='ocrx_word' id='word_1_794' title='bbox 2586 4869 2794 4926; x_wconf 79' lang='lat' dir='ltr'><strong>frenum</strong></span> <span class='ocrx_word' id='word_1_795' title='bbox 2823 4866 3267 4939; x_wconf 75' lang='lat' dir='ltr'><strong>htjiciatur,quod</strong></span> <span class='ocrx_word' id='word_1_796' title='bbox 3297 4880 3420 4920; x_wconf 89' lang='lat' dir='ltr'><strong>eum</strong></span> <span class='ocrx_word' id='word_1_797' title='bbox 3440 4879 3552 4920; x_wconf 76' lang='lat' dir='ltr'><strong>non</strong></span> 
     </span>
    </p>
   </div>
   <div class='ocr_carea' id='block_1_107' title="bbox 1935 4957 3553 5032">
    <p class='ocr_par' dir='ltr' id='par_1_107' title="bbox 1935 4957 3553 5032">
     <span class='ocr_line' id='line_1_107' title="bbox 1935 4957 3553 5032; baseline -0.006 -10"><span class='ocrx_word' id='word_1_798' title='bbox 1935 4966 2080 5022; x_wconf 79' lang='lat' dir='ltr'><strong>sinat</strong></span> <span class='ocrx_word' id='word_1_799' title='bbox 2104 4965 2244 5020; x_wconf 76' lang='lat' dir='ltr'><strong>ultra</strong></span> <span class='ocrx_word' id='word_1_800' title='bbox 2265 4964 2488 5019; x_wconf 77' lang='lat' dir='ltr'><strong>modum</strong></span> <span class='ocrx_word' id='word_1_801' title='bbox 2504 4977 2629 5018; x_wconf 89' lang='lat' dir='ltr'><strong>suas</strong></span> <span class='ocrx_word' id='word_1_802' title='bbox 2647 4961 3023 5032; x_wconf 76' lang='lat' dir='ltr'><strong>castigationes</strong></span> <span class='ocrx_word' id='word_1_803' title='bbox 3039 4957 3356 5013; x_wconf 76' lang='lat' dir='ltr'><strong>extendere.</strong></span> <span class='ocrx_word' id='word_1_804' title='bbox 3371 4957 3553 5026; x_wconf 78' lang='lat' dir='ltr'><strong>Atque</strong></span> 
     </span>
    </p>
   </div>
   <div class='ocr_carea' id='block_1_108' title="bbox 1941 5046 3550 5119">
    <p class='ocr_par' dir='ltr' id='par_1_108' title="bbox 1941 5046 3550 5119">
     <span class='ocr_line' id='line_1_108' title="bbox 1941 5046 3550 5119; baseline -0.007 -7"><span class='ocrx_word' id='word_1_805' title='bbox 1941 5058 2045 5114; x_wconf 90' lang='lat' dir='ltr'><strong>hoc</strong></span> <span class='ocrx_word' id='word_1_806' title='bbox 2071 5072 2258 5113; x_wconf 87' lang='lat' dir='ltr'><strong>veru</strong></span> <span class='ocrx_word' id='word_1_807' title='bbox 2279 5071 2403 5112; x_wconf 86' lang='lat' dir='ltr'><strong>esse</strong></span> <span class='ocrx_word' id='word_1_808' title='bbox 2420 5055 2653 5111; x_wconf 84' lang='lat' dir='ltr'><strong>declarat</strong></span> <span class='ocrx_word' id='word_1_809' title='bbox 2677 5053 2897 5117; x_wconf 78' lang='lat' dir='ltr'><strong>Paulus,</strong></span> <span class='ocrx_word' id='word_1_810' title='bbox 2919 5050 3012 5119; x_wconf 88' lang='lat' dir='ltr'><strong>qui</strong></span> <span class='ocrx_word' id='word_1_811' title='bbox 3038 5050 3206 5119; x_wconf 73' lang='lat' dir='ltr'><strong>legem</strong></span> <span class='ocrx_word' id='word_1_812' title='bbox 3231 5046 3376 5102; x_wconf 81' lang='lat' dir='ltr'><strong>illam</strong></span> <span class='ocrx_word' id='word_1_813' title='bbox 3403 5047 3550 5113; x_wconf 88' lang='lat' dir='ltr'><strong>tulit,</strong></span> 
     </span>
    </p>
   </div>
   <div class='ocr_carea' id='block_1_109' title="bbox 1939 5137 3550 5207">
    <p class='ocr_par' dir='ltr' id='par_1_109' title="bbox 1939 5137 3550 5207">
     <span class='ocr_line' id='line_1_109' title="bbox 1939 5137 3550 5207; baseline -0.011 0"><span class='ocrx_word' id='word_1_814' title='bbox 1939 5163 1993 5207; x_wconf 89' lang='lat' dir='ltr'><strong>et</strong></span> <span class='ocrx_word' id='word_1_815' title='bbox 2031 5151 2171 5206; x_wconf 85' lang='lat' dir='ltr'><strong>hanc</strong></span> <span class='ocrx_word' id='word_1_816' title='bbox 2212 5163 2436 5205; x_wconf 84' lang='lat' dir='ltr'><strong>causam</strong></span> <span class='ocrx_word' id='word_1_817' title='bbox 2474 5162 2576 5202; x_wconf 89' lang='lat' dir='ltr'><strong>nos</strong></span> <span class='ocrx_word' id='word_1_818' title='bbox 2609 5145 2792 5201; x_wconf 83' lang='lat' dir='ltr'><strong>docuit</strong></span> <span class='ocrx_word' id='word_1_819' title='bbox 2818 5142 2901 5197; x_wconf 85' lang='lat' dir='ltr'><strong>his</strong></span> <span class='ocrx_word' id='word_1_820' title='bbox 2932 5141 3111 5197; x_wconf 77' lang='lat' dir='ltr'><strong>verbis</strong></span> <span class='ocrx_word' id='word_1_821' title='bbox 3136 5149 3294 5194; x_wconf 88' lang='lat' dir='ltr'><strong>utens</strong></span> <span class='ocrx_word' id='word_1_822' title='bbox 3324 5156 3339 5195; x_wconf 90' lang='lat'><strong>:</strong></span> <span class='ocrx_word' id='word_1_823' title='bbox 3369 5137 3550 5192; x_wconf 79' lang='lat' dir='ltr'><strong>Omnis</strong></span> 
     </span>
    </p>
   </div>
   <div class='ocr_carea' id='block_1_110' title="bbox 1938 5230 3566 5317">
    <p class='ocr_par' dir='ltr' id='par_1_110' title="bbox 1938 5230 3566 5317">
     <span class='ocr_line' id='line_1_110' title="bbox 1938 5230 3566 5317; baseline -0.01 -17"><span class='ocrx_word' id='word_1_824' title='bbox 1938 5246 2074 5300; x_wconf 76' lang='lat' dir='ltr'><strong>enim</strong></span> <span class='ocrx_word' id='word_1_825' title='bbox 2119 5243 2350 5317; x_wconf 64' lang='lat' dir='ltr'><strong>pntifex</strong></span> <span class='ocrx_word' id='word_1_826' title='bbox 2377 5257 2443 5296; x_wconf 69' lang='lat' dir='ltr'><strong>es</strong></span> <span class='ocrx_word' id='word_1_827' title='bbox 2471 5237 2760 5294; x_wconf 67' lang='lat' dir='ltr'><strong>hominibus</strong></span> <span class='ocrx_word' id='word_1_828' title='bbox 2803 5243 3099 5302; x_wconf 77' lang='lat' dir='ltr'><strong>assumptus</strong></span> <span class='ocrx_word' id='word_1_829' title='bbox 3129 5247 3226 5304; x_wconf 75' lang='lat' dir='ltr'><strong>pro</strong></span> <span class='ocrx_word' id='word_1_830' title='bbox 3265 5230 3566 5285; x_wconf 61' lang='lat' dir='ltr'><strong>[conﬁnibus-</strong></span> 
     </span>
    </p>
   </div>
   <div class='ocr_carea' id='block_1_111' title="bbox 1940 5326 3551 5407">
    <p class='ocr_par' dir='ltr' id='par_1_111' title="bbox 1940 5326 3551 5407">
     <span class='ocr_line' id='line_1_111' title="bbox 1940 5326 3551 5407; baseline -0.012 -13"><span class='ocrx_word' id='word_1_831' title='bbox 1940 5340 2294 5400; x_wconf 78' lang='lat' dir='ltr'><strong>comtituitur,</strong></span> <span class='ocrx_word' id='word_1_832' title='bbox 2327 5337 2413 5407; x_wconf 78' lang='lat' dir='ltr'><strong>qui</strong></span> <span class='ocrx_word' id='word_1_833' title='bbox 2454 5332 2721 5388; x_wconf 67' lang='lat' dir='ltr'><strong>condolere</strong></span> <span class='ocrx_word' id='word_1_834' title='bbox 2749 5331 2906 5401; x_wconf 60' lang='lat' dir='ltr'><strong>ponit</strong></span> <span class='ocrx_word' id='word_1_835' title='bbox 2945 5329 3010 5383; x_wconf 78' lang='lat' dir='ltr'><strong>iis</strong></span> <span class='ocrx_word' id='word_1_836' title='bbox 3028 5366 3046 5391; x_wconf 88' lang='lat'><strong>,</strong></span> <span class='ocrx_word' id='word_1_837' title='bbox 3070 5327 3160 5393; x_wconf 72' lang='lat' dir='ltr'><strong>qui</strong></span> <span class='ocrx_word' id='word_1_838' title='bbox 3199 5326 3440 5396; x_wconf 70' lang='lat' dir='ltr'><strong>ignorant</strong></span> <span class='ocrx_word' id='word_1_839' title='bbox 3461 5363 3481 5390; x_wconf 90' lang='lat'><strong>,</strong></span> <span class='ocrx_word' id='word_1_840' title='bbox 3506 5332 3551 5376; x_wconf 82' lang='lat' dir='ltr'><strong>et</strong></span> 
     </span>
    </p>
   </div>
   <div class='ocr_carea' id='block_1_112' title="bbox 1940 5419 3553 5503">
    <p class='ocr_par' dir='ltr' id='par_1_112' title="bbox 1940 5419 3553 5503">
     <span class='ocr_line' id='line_1_112' title="bbox 1940 5419 3553 5503; baseline -0.012 -16"><span class='ocrx_word' id='word_1_841' title='bbox 1940 5442 2112 5487; x_wconf 84' lang='lat' dir='ltr'><strong>errant</strong></span> <span class='ocrx_word' id='word_1_842' title='bbox 2141 5428 2341 5503; x_wconf 73' lang='lat' dir='ltr'><strong>(Hebr.</strong></span> <span class='ocrx_word' id='word_1_843' title='bbox 2364 5429 2419 5484; x_wconf 85' lang='lat'><strong>5.</strong></span> <span class='ocrx_word' id='word_1_844' title='bbox 2452 5428 2501 5481; x_wconf 86' lang='lat' dir='ltr'><strong>l.</strong></span> <span class='ocrx_word' id='word_1_845' title='bbox 2530 5437 2574 5478; x_wconf 80' lang='lat' dir='ltr'><strong>et</strong></span> <span class='ocrx_word' id='word_1_846' title='bbox 2602 5422 2702 5492; x_wconf 76' lang='lat'><strong>‘2).</strong></span> <span class='ocrx_word' id='word_1_847' title='bbox 2729 5423 2843 5489; x_wconf 82' lang='lat' dir='ltr'><strong>Qua</strong></span> <span class='ocrx_word' id='word_1_848' title='bbox 2873 5419 3155 5476; x_wconf 84' lang='lat' dir='ltr'><strong>occasione</strong></span> <span class='ocrx_word' id='word_1_849' title='bbox 3175 5458 3191 5486; x_wconf 92' lang='lat'><strong>,</strong></span> <span class='ocrx_word' id='word_1_850' title='bbox 3222 5425 3279 5473; x_wconf 88' lang='lat' dir='ltr'><strong>et</strong></span> <span class='ocrx_word' id='word_1_851' title='bbox 3305 5431 3403 5471; x_wconf 85' lang='lat' dir='ltr'><strong>cur</strong></span> <span class='ocrx_word' id='word_1_852' title='bbox 3429 5424 3553 5469; x_wconf 89' lang='lat' dir='ltr'><strong>tan-</strong></span> 
     </span>
    </p>
   </div>
   <div class='ocr_carea' id='block_1_113' title="bbox 1942 5509 3554 5594">
    <p class='ocr_par' dir='ltr' id='par_1_113' title="bbox 1942 5509 3554 5594">
     <span class='ocr_line' id='line_1_113' title="bbox 1942 5509 3554 5594; baseline -0.013 -9"><span class='ocrx_word' id='word_1_853' title='bbox 1942 5529 2107 5585; x_wconf 74' lang='lat' dir='ltr'><strong>dem?</strong></span> <span class='ocrx_word' id='word_1_854' title='bbox 2124 5526 2378 5594; x_wconf 74' lang='lat' dir='ltr'><strong>Quoniam</strong></span> <span class='ocrx_word' id='word_1_855' title='bbox 2397 5531 2442 5577; x_wconf 86' lang='lat' dir='ltr'><strong>et</strong></span> <span class='ocrx_word' id='word_1_856' title='bbox 2468 5523 2576 5593; x_wconf 76' lang='lat' dir='ltr'><strong>ipse</strong></span> <span class='ocrx_word' id='word_1_857' title='bbox 2601 5517 2945 5574; x_wconf 73' lang='lat' dir='ltr'><strong>circumdatus</strong></span> <span class='ocrx_word' id='word_1_858' title='bbox 2967 5523 3041 5570; x_wconf 78' lang='lat' dir='ltr'><strong>est</strong></span> <span class='ocrx_word' id='word_1_859' title='bbox 3055 5513 3366 5584; x_wconf 75' lang='lat' dir='ltr'><strong>inﬁrmitate.</strong></span> <span class='ocrx_word' id='word_1_860' title='bbox 3390 5509 3554 5566; x_wconf 81' lang='lat' dir='ltr'><strong>Vides</strong></span> 
     </span>
    </p>
   </div>
   <div class='ocr_carea' id='block_1_114' title="bbox 1943 5602 3555 5684">
    <p class='ocr_par' dir='ltr' id='par_1_114' title="bbox 1943 5602 3555 5684">
     <span class='ocr_line' id='line_1_114' title="bbox 1943 5602 3555 5684; baseline -0.014 -6"><span class='ocrx_word' id='word_1_861' title='bbox 1943 5623 2312 5679; x_wconf 78' lang='lat' dir='ltr'><strong>inﬁrmitatem</strong></span> <span class='ocrx_word' id='word_1_862' title='bbox 2353 5611 2745 5684; x_wconf 86' lang='lat' dir='ltr'><strong>compassionis</strong></span> <span class='ocrx_word' id='word_1_863' title='bbox 2796 5602 3136 5664; x_wconf 85' lang='lat' dir='ltr'><strong>occasionem</strong></span> <span class='ocrx_word' id='word_1_864' title='bbox 3179 5618 3347 5668; x_wconf 79' lang='lat' dir='ltr'><strong>esse,</strong></span> <span class='ocrx_word' id='word_1_865' title='bbox 3379 5616 3555 5670; x_wconf 83' lang='lat' dir='ltr'><strong>neque</strong></span> 
     </span>
    </p>
   </div>
   <div class='ocr_carea' id='block_1_115' title="bbox 1942 5694 3561 5781">
    <p class='ocr_par' dir='ltr' id='par_1_115' title="bbox 1942 5694 3561 5781">
     <span class='ocr_line' id='line_1_115' title="bbox 1942 5694 3561 5781; baseline -0.015 -11"><span class='ocrx_word' id='word_1_866' title='bbox 1942 5715 2120 5770; x_wconf 87' lang='lat' dir='ltr'><strong>sinere</strong></span> <span class='ocrx_word' id='word_1_867' title='bbox 2155 5711 2529 5781; x_wconf 80' lang='lat' dir='ltr'><strong>cognationem</strong></span> <span class='ocrx_word' id='word_1_868' title='bbox 2581 5712 2806 5766; x_wconf 66' lang='lat' dir='ltr'><strong>naturae.</strong></span> <span class='ocrx_word' id='word_1_869' title='bbox 2824 5710 2882 5756; x_wconf 80' lang='lat' dir='ltr'><strong>ut</strong></span> <span class='ocrx_word' id='word_1_870' title='bbox 2901 5699 3025 5770; x_wconf 87' lang='lat' dir='ltr'><strong>quis</strong></span> <span class='ocrx_word' id='word_1_871' title='bbox 3039 5698 3091 5752; x_wconf 92' lang='lat' dir='ltr'><strong>in</strong></span> <span class='ocrx_word' id='word_1_872' title='bbox 3108 5694 3561 5767; x_wconf 82' lang='lat' dir='ltr'><strong>reprehendendo</strong></span> 
     </span>
    </p>
   </div>
   <div class='ocr_carea' id='block_1_116' title="bbox 1944 5785 3555 5864">
    <p class='ocr_par' dir='ltr' id='par_1_116' title="bbox 1944 5785 3555 5864">
     <span class='ocr_line' id='line_1_116' title="bbox 1944 5785 3555 5864; baseline -0.015 -2"><span class='ocrx_word' id='word_1_873' title='bbox 1944 5806 2164 5862; x_wconf 90' lang='lat' dir='ltr'><strong>modum</strong></span> <span class='ocrx_word' id='word_1_874' title='bbox 2205 5801 2475 5864; x_wconf 78' lang='lat' dir='ltr'><strong>excedat;</strong></span> <span class='ocrx_word' id='word_1_875' title='bbox 2520 5797 2621 5852; x_wconf 86' lang='lat' dir='ltr'><strong>etsi</strong></span> <span class='ocrx_word' id='word_1_876' title='bbox 2671 5793 3020 5849; x_wconf 83' lang='lat' dir='ltr'><strong>vehementer</strong></span> <span class='ocrx_word' id='word_1_877' title='bbox 3065 5787 3402 5844; x_wconf 68' lang='lat' dir='ltr'><strong>contendat?</strong></span> <span class='ocrx_word' id='word_1_878' title='bbox 3444 5785 3555 5839; x_wconf 82' lang='lat' dir='ltr'><strong>Sed</strong></span> 
     </span>
    </p>
   </div>
   <div class='ocr_carea' id='block_1_117' title="bbox 1946 5876 3559 5972">
    <p class='ocr_par' dir='ltr' id='par_1_117' title="bbox 1946 5876 3559 5972">
     <span class='ocr_line' id='line_1_117' title="bbox 1946 5876 3559 5972; baseline -0.014 -20"><span class='ocrx_word' id='word_1_879' title='bbox 1946 5913 2106 5972; x_wconf 81' lang='lat' dir='ltr'><strong>quam</strong></span> <span class='ocrx_word' id='word_1_880' title='bbox 2152 5897 2221 5955; x_wconf 81' lang='lat' dir='ltr'><strong>ob</strong></span> <span class='ocrx_word' id='word_1_881' title='bbox 2248 5905 2464 5954; x_wconf 80' lang='lat' dir='ltr'><strong>causam</strong></span> <span class='ocrx_word' id='word_1_882' title='bbox 2494 5889 2593 5946; x_wconf 85' lang='lat' dir='ltr'><strong>ista</strong></span> <span class='ocrx_word' id='word_1_883' title='bbox 2633 5885 2778 5944; x_wconf 73' lang='lat' dir='ltr'><strong>dixi?</strong></span> <span class='ocrx_word' id='word_1_884' title='bbox 2807 5881 2888 5941; x_wconf 72' lang='lat' dir='ltr'><strong>Ne</strong></span> <span class='ocrx_word' id='word_1_885' title='bbox 2917 5882 3052 5939; x_wconf 70' lang='lat' dir='ltr'><strong>iuri!</strong></span> <span class='ocrx_word' id='word_1_886' title='bbox 3092 5879 3282 5936; x_wconf 74' lang='lat' dir='ltr'><strong>dicatis</strong></span> <span class='ocrx_word' id='word_1_887' title='bbox 3313 5896 3327 5932; x_wconf 91' lang='lat'><strong>:</strong></span> <span class='ocrx_word' id='word_1_888' title='bbox 3355 5876 3437 5932; x_wconf 75' lang='lat' dir='ltr'><strong>Tu</strong></span> <span class='ocrx_word' id='word_1_889' title='bbox 3465 5876 3559 5946; x_wconf 67' lang='lat' dir='ltr'><strong>qui</strong></span> 
     </span>
    </p>
   </div>
  </div>
