4082 6468
578 359 683 413 (πέει

574 474 803 530 mundus
829 486 888 528 es
913 488 942 526 a
972 473 1232 543 peccatis,
1259 483 1312 526 et
1342 488 1370 525 a
1401 474 1664 538 molestia,
1687 488 1843 543 quam
1873 472 2164 543 increpatio

574 567 736 636 parit,
764 564 1013 617 immunis
1037 576 1099 616 ac
1125 561 1261 616 liber
1284 577 1364 625 es,
1388 577 1575 637 magna
1603 578 1722 618 cum
1754 571 2014 633 potestate
2041 577 2164 633 pro-

575 658 874 711 fundiorem
934 654 1085 709 nobis
1140 656 1430 715 sectionem
1480 655 1692 725 inﬁigis.
1744 654 2013 726 Siquidem
2066 670 2165 726 ego

578 752 725 820 prior
768 750 1066 805 molestiam
1109 751 1324 813 sentio,
1356 748 1782 819 quandoquidem
1812 758 1867 803 et
1908 750 2021 817 ipse
2065 751 2165 804 ob-

582 841 771 894 noxius
815 854 936 895 sum
977 840 1229 910 peccatis.
1272 840 1458 895 Omnes
1501 841 1633 894 enim
1676 841 1727 893 in
1772 841 2167 908 corrrptionibus

578 944 753 985 ulmus
771 929 956 1003 (Ecclt'.
985 931 1036 985 8.
1064 932 1142 1007 6),
1168 941 1241 997 et,
1263 929 1427 985 Nemo
1455 930 1749 1002 gloriabitur
1776 940 1967 983 castum
1989 948 2043 983 se
2070 931 2167 983 Ita-

576 1021 693 1073 bere
718 1035 805 1073 cor
834 1019 1032 1087 (Prov.
1072 1021 1162 1078 20.
1194 1021 1273 1091 9).
1326 1022 1506 1090 Itaque
1550 1037 1655 1075 non
1700 1021 1839 1090 quod
1885 1022 1936 1074 iu
1977 1022 2167 1076 alienis

579 1108 984 1179 philosopharer
1004 1110 1174 1177 malis,
1201 1126 1372 1180 neque
1397 1126 1465 1166 ex
1490 1111 1872 1166 inhumanitate
1896 1112 2163 1181 quapiam,

580 1197 674 1250 sed
700 1214 808 1266 pra:
839 1200 996 1254 nimia
1023 1200 1379 1255 sollicitudine
1408 1201 1851 1270 reprehensiones
1880 1201 1996 1255 illas
2015 1201 2169 1255 adhi-

583 1290 673 1345 bui
725 1291 855 1346 Nam
885 1293 935 1347 in
962 1308 1250 1361 cor-porum
1280 1293 1491 1363 quidem
1523 1294 1817 1359 curatione,
1847 1293 1935 1362 qui
1962 1293 2165 1363 plagam

584 1380 805 1450 inﬂigit,
839 1383 1039 1437 nullum
1070 1383 1233 1454 plaga:
1259 1399 1473 1439 sensum
1500 1385 1661 1453 capit.
1694 1384 1786 1439 sed
1818 1385 1928 1448 ille,
1960 1385 2048 1453 qui
2077 1399 2166 1439 se-

578 1482 755 1537 catur,
769 1475 918 1529 solus
935 1475 1209 1531 doloribus
1230 1477 1524 1530 cruciatur:
1548 1488 1598 1529 at
1622 1476 1670 1529 in
1689 1478 1981 1531 animarum
2009 1492 2165 1530 cura-

585 1558 730 1618 tione
756 1580 860 1618 non
890 1566 959 1619 ita
980 1606 995 1630 ,
1020 1567 1118 1620 nisi
1148 1567 1284 1619 forte
1307 1565 1465 1621 fallar
1487 1608 1502 1632 ,
1531 1566 1659 1621 dum
1686 1582 1750 1621 ex
1779 1568 1910 1621 meis
1935 1554 2001 1620 de
2031 1567 2167 1620 alio-

584 1671 702 1709 rum
740 1656 897 1732 rebus
917 1656 1134 1726 judico;
1159 1657 1253 1712 sed
1280 1660 1393 1728 ipse
1422 1659 1563 1729 prior
1587 1661 1881 1722 cruciatur.
1917 1661 2004 1729 qui
2034 1676 2166 1715 con-

583 1745 791 1800 cioncm
824 1746 1000 1812 habet,
1030 1749 1243 1817 quando
1268 1758 1492 1803 caeteros
1518 1751 1776 1820 increpat.
1804 1749 1986 1820 Neque
2024 1751 2165 1805 enim

583 1836 661 1890 sic
692 1853 730 1890 Aa
770 1839 978 1892 ctcteris
1001 1840 1314 1908 reprehensi
1341 1840 1583 1894 dolemus
1604 1881 1618 1904 ,
1651 1854 1714 1894 ac
1737 1842 1780 1894 si
1809 1841 1940 1895 alios
1984 1856 2168 1909 repre-

585 1928 879 1984 hendamus
905 1930 974 1985 ob
999 1941 1233 1999 peccata,
1266 1946 1490 2001 querum
1524 1933 1621 2001 ipsi
1654 1934 1727 1987 rei
1758 1934 1944 1989 simus.
1979 1933 2166 1987 Statim

587 2020 729 2075 enim
783 2021 1211 2077 concionatorem
1241 2023 1483 2094 ohjurgat
1534 2026 1856 2079 conscientia
1883 2067 1897 2089 ,
1923 2025 2169 2095 quodque

584 2125 644 2166 se
694 2112 869 2165 videat
914 2114 1199 2183 magisterii
1240 2115 1499 2184 dignitate
1535 2116 1932 2171 decoratumin
1981 2117 2167 2171 eadem

576 2216 704 2256 cum
740 2203 1014 2272 discipulis
1053 2215 1267 2271 peccata
1297 2206 1533 2274 prolabi,
1565 2215 1725 2275 atque
1764 2206 1950 2262 iisdem
1982 2223 2169 2277 repre‘

586 2293 928 2347 hensionibus
951 2294 1201 2364 indigere,
1221 2295 1514 2366 graviorem
1546 2296 1905 2351 conciouatori
1929 2297 2169 2351 dolorem

583 2385 768 2440 inurit.

656 2476 711 2529 2.
756 2466 921 2531 Metus
963 2494 1122 2545 meum
1165 2489 1366 2547 peccata
1396 2480 1591 2534 minuit.
1617 2509 1685 2520 --
1708 2482 1877 2551 Atque
1911 2481 2023 2535 lucc
2064 2498 2167 2536 non

581 2568 703 2623 sine
738 2583 897 2623 causa
942 2586 1081 2625 nunc
1121 2586 1453 2641 conqueror;
1497 2573 1589 2628 sed
1633 2574 1880 2643 quoniam
1922 2576 2168 2644 permulti

585 2673 770 2713 eorum
798 2675 916 2729 qua:
946 2660 1084 2715 dicta
1112 2672 1240 2717 sunt
1265 2665 1604 2719 acerbitatem
1638 2682 1740 2719 non
1770 2666 2020 2731 ferentes,
2048 2682 2169 2722 cum

585 2748 710 2802 hinc
748 2751 1125 2815 recessissent,
1174 2754 1486 2809 accedentes
1527 2755 1933 2825 indignabantur
1974 2766 2027 2812 et
2075 2774 2172 2812 ex-

581 2839 1000 2907 eandescehant;
1030 2842 1233 2897 Avocas
1260 2859 1389 2908 nos,
1420 2845 1662 2911 aiebant,
1697 2862 1725 2900 a
1754 2861 1904 2900 sacra
1949 2862 2130 2902 mensa
2151 2886 2167 2913 ,

584 2924 655 2982 et‘
693 2943 725 2982 a
775 2933 1146 2987 communione
1183 2934 1413 3003 repellis.
1446 2932 1648 2989 Idcirco
1679 2937 1791 2992 haec
1831 2938 2010 2993 dicere
2050 2953 2167 2992 sum

583 3027 837 3083 coactus,
863 3029 920 3074 ut
955 3021 1260 3090 intelligatis
1300 3039 1387 3077 me
1430 3039 1534 3079 non
1564 3040 1787 3080 avocare
1811 3068 1824 3089 .
1859 3028 1950 3081 sed
1994 3028 2168 3097 potius

585 3123 882 3165 convocare
901 3154 916 3176 ,
939 3127 1048 3166 non
1078 3114 1339 3182 repellere
1363 3155 1378 3179 ,
1407 3130 1506 3171 nec
1532 3131 1735 3180 arcere,
1770 3118 1864 3172 sed
1896 3134 1989 3188 per
2029 3120 2169 3188 ipsas

586 3200 1031 3269 reprehensiones
1062 3205 1229 3274 magis
1254 3205 1484 3260 allicere.
1516 3206 1683 3262 Metus
1708 3209 1847 3263 enim
1874 3210 2167 3265 denuntiati

583 3292 848 3360 supplicii,
879 3309 996 3348 cum
1022 3304 1288 3366 tamquam
1318 3297 1452 3367 ignis
1476 3299 1527 3352 in
1553 3313 1729 3354 ceram
1748 3300 1799 3355 in
1825 3315 2010 3356 eorum
2032 3317 2167 3356 conc

584 3382 890 3447 scientiam,
923 3385 1012 3453 qui
1038 3396 1295 3455 peccant,
1326 3387 1587 3455 inciderit,
1620 3389 1809 3445 delicta
1839 3390 2079 3445 dissolvit.
2103 3407 2167 3446 ac

580 3474 816 3541 discutit,
837 3476 960 3529 dum
980 3492 1190 3548 semper
1208 3479 1465 3546 imminet,
1483 3488 1539 3533 et
1559 3496 1741 3549 puram
1759 3496 1820 3536 ac
1835 3482 2163 3552 splendidam

583 3574 816 3619 mentem
857 3566 1124 3633 reddens,
1148 3569 1404 3637 majorem
1451 3569 1693 3624 ﬁduciam
1736 3572 1891 3627 nobis
1933 3572 2160 3627 inserit:

583 3669 744 3722 porro
786 3654 975 3711 ﬁducia
1022 3669 1277 3728 cancepta
1318 3660 1487 3728 major
1510 3661 1750 3715 exoritur
1776 3663 1937 3715 animi
1981 3677 2162 3730 prom—

583 3745 788 3814 ptitudo
824 3749 890 3801 ad
928 3747 1256 3819 frequentem
1292 3751 1635 3806 ineﬁ'abilium
1665 3768 1729 3807 ae
1768 3753 2163 3810 Iremendorum

580 3840 958 3907 mysteriorum
982 3844 1412 3897 cotnnmniouem
1452 3843 1770 3898 obeundum.
1803 3844 1873 3899 Et
1899 3846 2162 3915 quemad-

584 3928 798 3982 modum
824 3930 911 3997 qui
939 3932 1129 3985 acerba
1153 3932 1535 3988 medicamenta
1564 3934 1781 4003 porrigit
1807 3934 1872 3988 iis
1894 3977 1910 4001 ,
1936 3936 2025 4005 qui
2052 3946 2163 3990 sto-

582 4020 758 4076 machi
800 4023 924 4077 vitio
951 4024 1100 4079 cibos
1128 4026 1437 4090 fastidiunt,
1464 4041 1527 4079 ae
1565 4041 1756 4095 pravos
1781 4037 2039 4098 expurgat
2066 4027 2166 4082 hu-

582 4128 782 4179 mores,
809 4114 1073 4186 dejectum
1099 4117 1297 4173 excitat
1319 4119 1643 4189 appetitum,
1668 4128 1720 4173 et
1753 4120 1936 4181 efﬁcit,
1965 4130 2022 4174 ut
2048 4136 2164 4174 ma-

574 4207 681 4275 jori
707 4207 975 4263 alacritate
995 4218 1280 4265 consuetos
1308 4209 1456 4265 cibus
1483 4209 1794 4279 degustent:
1816 4212 1894 4267 sic
1915 4212 2163 4268 nimirum

580 4300 627 4352 is
656 4298 743 4369 qui
775 4298 963 4354 acerba
990 4299 1194 4370 profert
1222 4301 1380 4355 verba
1398 4343 1413 4368 ,
1444 4301 1725 4371 prmisque
1755 4310 1987 4358 mentem
2015 4305 2163 4373 engi-

579 4390 872 4446 tationibus
902 4400 1086 4461 purgat
1106 4432 1127 4471 ,3.
1152 4401 1206 4445 et
1227 4407 1389 4462 grave
1414 4404 1751 4463 peccatorum
1779 4410 1915 4450 onus
1939 4396 2160 4462 excutit,

576 4482 745 4539 el‘ﬁcit
786 4493 843 4539 ut
870 4486 1193 4541 conscientia
1218 4486 1444 4556 reSpiret
1472 4502 1535 4541 ac
1558 4487 1721 4543 multa
1746 4503 1865 4542 cum
1892 4490 2162 4559 voluptate

582 4573 912 4630 Dominicum
937 4590 1132 4644 corpus
1158 4576 1419 4647 degustet.
1444 4576 1559 4633 Non
1582 4590 1662 4634 est
1691 4580 1848 4650 igitur
1864 4580 1935 4635 ob
1959 4597 2020 4636 ea
2041 4596 2162 4651 qua:

580 4668 718 4723 dicta
753 4677 879 4723 sunt
903 4669 1321 4726 suecensendum
1340 4711 1357 4738 ,
1385 4670 1476 4727 sed
1502 4687 1566 4727 ea
1594 4672 1934 4743 approbanda
1959 4683 2086 4730 sunt
2107 4684 2163 4730 et

578 4759 856 4815 laudanda.

649 4849 1067 4906 Concionatorttm
1087 4853 1320 4925 oﬁicium.
1350 4885 1421 4895 —
1442 4853 1594 4921 Quod
1620 4854 1662 4910 si
1688 4855 1825 4911 forte
1850 4856 2164 4913 imbecillio-

577 4956 667 4997 res
708 4943 816 4996 sint
856 4944 1069 5012 quidam
1091 4986 1107 5009 ,
1137 4961 1308 5015 neque
1345 4944 1706 5002 defensionem
1747 4946 1884 5003 hanc
1921 4958 2158 5004 nostram

578 5034 753 5088 ferant
773 5074 788 5099 ,
813 5033 882 5088 ita
909 5049 1027 5089 eum
1054 5034 1156 5090 illis
1180 5051 1331 5105 agam
1356 5078 1372 5102 ,
1399 5046 1459 5091 ut
1482 5053 1727 5093 moneam
1766 5054 1849 5093 me
1876 5054 1981 5093 non
2011 5055 2041 5094 a
2074 5055 2161 5095 me

580 5123 694 5193 ipso
724 5123 858 5178 latas
885 5125 1028 5196 leges
1051 5139 1339 5196 erponere,
1366 5127 1458 5183 sed
1482 5128 1550 5183 de
1569 5128 1702 5183 caelo
1718 5128 1959 5199 delapsas
1980 5130 2161 5186 literas

578 5217 776 5286 legere,
797 5232 859 5270 ac
891 5217 1109 5286 proinde
1136 5219 1492 5274 necessarium
1519 5235 1659 5285 esse,
1686 5228 1743 5274 ut
1762 5236 1882 5275 cum
1910 5222 2009 5277 hoc
2030 5222 2158 5277 mihi

576 5307 834 5362 creditum
872 5310 939 5362 sit
979 5310 1331 5365 ministerium
1357 5352 1373 5375 ,
1399 5321 1491 5365 aut
1531 5328 1649 5381 qua:
1679 5313 2018 5367 continentur
2054 5314 2160 5369 illis

577 5399 910 5455 conﬁdenter
934 5415 996 5454 ac
1027 5401 1195 5456 libere
1216 5413 1405 5457 cuncta
1433 5402 1627 5467 dicam,
1659 5414 1711 5458 et
1740 5405 2016 5459 utilitatem
2041 5406 2158 5459 ubi-

576 5506 699 5558 que,
724 5507 827 5544 non
854 5491 1197 5560 voluptatem,
1223 5510 1455 5560 quaram
1476 5496 1797 5560 auditorum,
1827 5505 1917 5550 aut
1944 5512 2157 5551 eorum-

576 5581 696 5633 dt-m
728 5581 905 5635 odium
938 5583 1274 5638 reformidem
1296 5624 1311 5647 ,
1340 5595 1393 5637 et
1420 5584 1519 5638 hoc
1550 5586 1922 5655 intempestivo
1956 5587 2157 5642 beneﬁ—

574 5669 658 5724 cio
683 5673 906 5727 salutem
938 5691 1108 5729 meam
1139 5676 1293 5730 simul
1335 5688 1386 5730 et
1417 5677 1623 5732 illorum
1662 5679 1901 5748 prodam.
1934 5678 2064 5735 Nam
2104 5690 2157 5734 et

573 5762 936 5838 euasionatori
957 5765 1113 5821 simul
1133 5776 1185 5823 et
1211 5768 1542 5825 auditoribus
1571 5770 1858 5826 admodum
1891 5772 2151 5843 periculo-

1291 359 1349 415 s.
1390 357 1669 416 tonsis
1709 312 2540 415 (:uuvsosroatsuculae.
2583 354 3121 415 coxsrsmxor.

3756 353 3861 412 636

2277 487 2393 525 sum
2423 487 2544 527 esse
2567 472 2835 543 quidpiam
2866 489 2931 527 ex
2959 472 3160 543 legibus
3181 467 3375 526 divinis
3398 469 3574 524 celare
3594 509 3608 531 ,
3637 482 3701 524 ac
3727 477 3863 521 tam-

2272 578 2430 632 quam
2464 563 2624 618 cmdis
2652 572 2868 633 patrata:
2898 580 3021 618 reos
3037 562 3277 633 judicare
3306 562 3574 625 doctores,
3606 559 3705 613 nisi
3736 559 3860 614 abs-

2272 670 2378 723 que
2428 665 2572 709 metu
2616 665 2802 709 cuncta
2845 654 2936 709 Dei
2966 652 3085 722 jura
3127 669 3189 709 ac
3227 654 3441 709 decreta
3487 652 3863 722 promulgeut,

2274 748 2423 802 Pauli
2465 748 2617 802 vobis
2648 748 2950 802 testimonio
2977 746 3357 816 comprobabo.
3390 747 3676 814 Propterea
3706 759 3866 797 nam-

2272 854 2375 907 que
2404 839 2456 892 in
2483 839 2730 893 omnibus
2756 839 2914 893 rebus
2942 837 3007 892 ad
3037 838 3242 892 beatam
3275 837 3416 905 illam
3454 837 3688 890 animam
3720 850 3865 903 szrpe

2272 928 2550 998 etmﬁigio,
2595 929 2736 999 quod
2781 928 3064 984 fructuosa:
3114 927 3356 994 quaedam
3400 941 3672 996 sacraeque
3716 926 3864 997 leges

2274 1019 2421 1074 Pauli
2452 1021 2555 1073 sint
2585 1020 2761 1074 verba.
2790 1020 2904 1075 Non
2930 1021 3070 1076 enim
3103 1018 3294 1074 Paulus
3322 1027 3437 1083 est,
3468 1020 3557 1087 qui
3587 1019 3865 1085 loquitur,

2272 1111 2365 1164 sed
2406 1111 2494 1181 qui
2527 1113 2640 1178 ejus
2669 1111 2898 1164 animam
2944 1120 3126 1165 movet
3154 1109 3427 1167 Christus.
3458 1107 3721 1176 siquidem
3769 1122 3861 1175 per

2274 1203 2419 1255 illum
2448 1212 2638 1256 cuncta
2670 1203 2938 1273 loquitur,
2968 1218 3087 1272 quae
3117 1202 3202 1256 ille
3232 1200 3558 1269 pronuntiat.
3591 1198 3727 1263 Quid
3762 1198 3862 1267 igi-

2274 1300 2357 1346 tur
2383 1294 2457 1346 ait
2482 1293 2707 1347 Paulus?
2732 1294 2867 1349 Cum
2895 1309 2988 1348 eos
3015 1293 3101 1361 qui
3132 1291 3402 1362 Ephesum
3432 1290 3732 1345 ineolebant
3763 1303 3859 1342 vo-

2272 1394 2447 1439 cassct
2472 1426 2484 1451 ,
2511 1400 2575 1439 ac
2602 1394 2923 1454 postremam
2959 1383 3024 1439 ad
3064 1384 3183 1437 illos
3207 1383 3517 1436 concionem
3548 1380 3815 1435 habuisset
3841 1418 3859 1445 ,

2274 1488 2553 1542 propterea
2580 1474 2719 1544 quod
2758 1474 2826 1528 ab
2855 1474 2956 1528 illis
2986 1474 3237 1542 deinceps
3266 1471 3595 1526 disceSsurns
3624 1479 3774 1535 erat,
3801 1480 3862 1523 ut

2275 1566 2484 1620 illorum
2528 1568 2783 1634 prmsulcs
2809 1566 3065 1630 doceret,
3096 1580 3198 1618 non
3228 1565 3401 1617 minus
3427 1578 3583 1632 quam
3620 1563 3713 1631 qui
3733 1578 3860 1614 sau-

2272 1657 2482 1728 guinem
2524 1656 2807 1712 l‘undcrent
2851 1657 3227 1727 discipulorum
3256 1698 3269 1721 ,
3299 1669 3393 1709 eos
3436 1654 3523 1726 qui
3572 1670 3658 1707 res
3702 1654 3863 1708 utiles

2272 1750 2505 1802 celarent
2524 1750 2692 1817 pmnis
2710 1762 2829 1802 esse
2845 1749 3101 1803 obnoxios
3118 1762 3178 1801 ac
3195 1745 3485 1815 suppliciis,
3504 1746 3572 1798 ita
3591 1745 3860 1813 loquitur:

2275 1840 2497 1893 Mundus
2514 1857 2621 1892 sum
2635 1856 2726 1909 ego
2742 1856 2772 1891 α
2788 1839 3031 1909 sanguine
3046 1839 3291 1890 omnium.
3309 1836 3442 1903 Quid
3461 1836 3530 1889 ita
3549 1838 3572 1888 ’ἐ
3592 1835 3712 1889 Non
3730 1838 3862 1888 enim

2273 1931 2571 2002 subterfugi,
2597 1949 2693 2001 quo
2720 1933 2885 1984 minus
2904 1929 3255 1983 annuntiureut
3277 1930 3411 1982 vobis
3433 1944 3577 1981 omne
3596 1928 3865 1981 consilium

2274 2024 2366 2077 Dei
2395 2025 2531 2095 (Act.
2560 2024 2651 2077 20.
2684 2024 2774 2078 9.6.
2798 2024 2891 2091 9.7)
2926 2040 2938 2075 :
2975 2025 3147 2091 itaque
3199 2022 3243 2076 si
3300 2020 3726 2087 subterfugissct,
3758 2036 3865 2087 quo

2274 2118 2448 2173 minus
2490 2118 2855 2180 amumtiarct,
2891 2116 3121 2170 mundus
3150 2131 3180 2169 a
3213 2113 3469 2184 sanguine
3497 2128 3602 2166 non
3634 2112 3819 2166 fuisset
3846 2154 3861 2178 ,

2273 2226 2456 2265 verum
2488 2220 2546 2263 ut
2593 2208 2855 2263 homicida
2885 2208 3163 2261 damnatus
3191 2216 3364 2269 esset;
3393 2220 3457 2260 ac
3486 2205 3679 2259 merito
3709 2220 3861 2258 sane.

2271 2297 2403 2353 Nam
2447 2298 2703 2353 homicida
2750 2298 2959 2367 quidem
3006 2311 3199 2365 corpus
3230 2304 3432 2349 tantum
3464 2293 3741 2355 interﬁcit;
3772 2294 3864 2361 qui

2272 2406 2399 2444 vero
2424 2389 2487 2443 ad
2528 2390 2752 2459 gratiam
2783 2390 3149 2453 concinnatur,
3178 2396 3230 2441 et
3255 2388 3526 2457 segniores
3556 2385 3728 2439 reddit
3762 2401 3863 2438 au-

2272 2484 2499 2546 ditores,
2531 2483 2759 2536 animam
2803 2482 3191 2551 perditzatqne
3236 2480 3321 2533 ille
3366 2478 3578 2548 quidem
3610 2477 3865 2546 praesenti

2274 2575 2430 2628 morti
2465 2574 2655 2638 tradit,
2692 2574 2776 2627 hic
2801 2589 2929 2626 vero
2961 2570 3129 2641 perdit
3161 2570 3391 2623 animam
3414 2610 3428 2633 ,
3456 2577 3509 2621 et
3536 2568 3600 2622 ad
3632 2578 3866 2622 aiternas

2276 2679 2461 2734 prunas
2504 2664 2865 2733 suppliciaque
2904 2661 3231 2717 transmittit.
3263 2660 3343 2713 An
3386 2659 3547 2728 igitur
3585 2659 3735 2712 solus
3761 2658 3866 2711 hoc

2273 2757 2401 2811 dicit
2448 2756 2675 2811 Paulus?
2713 2754 3093 2825 Nequaquam,
3123 2753 3214 2807 sed
3269 2760 3392 2806 ante
3444 2751 3661 2806 Paulum
3722 2751 3867 2803 Dens

2274 2862 2458 2901 rursus
2482 2846 2620 2901 istud
2649 2847 2817 2916 ipsum
2844 2860 2942 2916 per
2976 2844 3289 2915 prophetam
3317 2843 3608 2921 subindicat
3639 2885 3653 2908 ,
3680 2842 3748 2895 ita
3775 2843 3864 2896 di-

2273 2954 2403 2993 cens
2433 2957 2446 2992 :
2497 2938 2878 3008 Speculatorem
2916 2938 3033 2990 dedi
3084 2946 3131 2989 te
3166 2936 3337 2989 domui
3374 2934 3539 2989 Israel
3561 2933 3777 3003 (Ezech-
3805 2934 3862 2988 5.

2274 3029 2387 3097 17).
2416 3029 2550 3094 Quid
2581 3038 2661 3082 est
2693 3028 2795 3081 hoc
2819 3069 2831 3087 ,
2862 3026 3247 3096 Speculatorem
3270 3026 3296 3078 .9
3323 3024 3640 3093 Speculator
3668 3023 3867 3076 dicitur

2274 3118 2318 3171 is
2338 3161 2350 3181 ,
2379 3118 2468 3187 qui
2494 3158 2507 3180 ,
2532 3118 2655 3171 dum
2688 3117 2953 3171 exercitus
2975 3115 3199 3171 inferius
3225 3113 3503 3169 consident
3527 3156 3540 3177 ,
3574 3112 3862 3167 sublimem

2271 3219 2325 3264 et
2353 3208 2673 3263 eminentem
2707 3207 2757 3260 in
2787 3207 2925 3262 colle
2955 3207 3127 3262 locum
3169 3215 3430 3275 occupat,
3463 3213 3515 3258 et
3552 3203 3676 3257 inde
3706 3204 3863 3256 iuva-

2270 3300 2457 3354 dentes
2486 3297 2668 3353 hostes
2708 3298 3051 3367 speculatur,
3079 3304 3238 3366 atque
3280 3297 3329 3349 in
3371 3295 3507 3348 valle
3549 3294 3864 3348 sedentibus

2268 3405 2451 3444 eorum
2476 3389 2761 3443 adventum
2783 3388 3089 3453 denuntiat,
3112 3397 3169 3441 ut
3212 3385 3279 3440 ad
3309 3399 3535 3455 pugnam
3564 3399 3862 3453 capessen-

2268 3481 2390 3535 dam
2421 3496 2515 3537 eos
2543 3480 2773 3543 excitet,
2798 3495 2867 3534 ne
2894 3481 2941 3534 si
2971 3480 3022 3534 in
3050 3478 3171 3533 illos
3198 3478 3435 3533 incautos
3464 3477 3668 3529 irruant
3688 3517 3705 3543 ,
3739 3490 3862 3529 ma-

2238 3586 2366 3641 ,gna
2434 3572 2553 3626 illos
2597 3585 2717 3625 cum
2772 3569 3025 3623 facilitate
3076 3568 3359 3622 trucidant.
3408 3565 3633 3633 Quando
3696 3565 3867 3635 igitur

2266 3663 2430 3716 multa
2455 3703 2469 3727 ,
2497 3677 2616 3731 qua!
2646 3661 2799 3716 nobis
2838 3660 3133 3722 imminent,
3164 3658 3301 3713 mala
3335 3671 3439 3710 non
3467 3654 3711 3710 videmus
3737 3672 3863 3723 nos,

2266 3755 2355 3825 qui
2388 3754 2534 3807 humi
2565 3767 2839 3807 versamur
2862 3790 2876 3815 ,
2909 3751 2980 3805 ita
3007 3750 3190 3804 divina
3215 3748 3383 3819 gratia
3420 3747 3742 3816 disponente
3775 3748 3862 3797 fa-

2264 3856 2407 3901 ctum
2438 3854 2540 3911 est,
2560 3854 2618 3899 ut
2643 3854 2910 3914 tamquam
2939 3844 2991 3897 in
3018 3842 3230 3897 sublimi
3257 3840 3374 3895 loco
3391 3838 3684 3909 prophetia:
3711 3848 3865 3893 stau-

2268 3945 2347 3991 tes
2378 3936 2648 4005 propheta:
2676 3935 2844 3989 sancti
2873 3932 3176 3987 irruituram
3205 3932 3256 3985 in
3283 3946 3381 3985 nos
3408 3931 3538 3984 iram
3566 3928 3804 3983 divinam
3828 3945 3862 3982 a

2268 4033 2425 4101 longe
2467 4029 2882 4100 prmnuntiarcnt
2903 4069 2918 4095 ,
2949 4036 3005 4081 ut
3033 4042 3131 4082 nos
3162 4040 3256 4096 per
3295 4023 3663 4095 paenitentiam
3700 4036 3865 4091 repa-

2268 4133 2468 4185 rantcs,
2500 4123 2837 4190 animamque
2866 4129 3100 4174 nostram
3126 4119 3327 4188 lapsam
3350 4118 3618 4186 erigentes
3641 4141 3667 4177 .-
3686 4116 3861 4169 multo

2266 4222 2391 4267 ante
2418 4210 2754 4282 inﬂigendam
2796 4226 2826 4263 a
2866 4210 2976 4265 Deo
3005 4210 3207 4279 plagam
3236 4207 3574 4277 repellamus.
3607 4203 3814 4260 Idcirco
3838 4247 3859 4268 ,

2268 4303 2645 4375 Speculatorem
2666 4341 2682 4368 ,
2714 4301 2922 4371 inquit,
2952 4300 3069 4354 dedi
3098 4309 3145 4354 te
3173 4299 3345 4352 domui
3382 4296 3549 4352 Israel
3575 4312 3595 4351 :
3620 4305 3682 4351 ut
3705 4296 3859 4350 cala-

2267 4396 2503 4450 mitatem
2547 4395 2914 4449 imminentem
2968 4391 3293 4462 prmntmties
3323 4432 3336 4456 ,
3392 4389 3856 4459 quemadmodum

2266 4484 2447 4541 hostes
2476 4485 2583 4539 ille.
2609 4483 2792 4554 Neque
2816 4498 2943 4538 vero
2974 4482 3295 4537 mediocrem
3329 4495 3537 4550 poenam
3566 4480 3861 4535 conciona-

2266 4579 2401 4644 tori,
2431 4577 2519 4647 qui
2564 4575 2801 4631 divinam
2845 4574 2980 4629 iram
3024 4589 3128 4628 non
3161 4572 3570 4642 prtcnuntiarit,
3600 4570 3855 4643 imponit.

2264 4670 2429 4738 Quam
2447 4685 2575 4725 vero
2601 4667 2849 4724 tandem?
2870 4668 3089 4722 Animas
3112 4681 3321 4733 eorum,
3350 4666 3439 4736 qui
3468 4665 3747 4735 perierint,
3769 4666 3859 4720 in-

2263 4762 2414 4832 quit,
2442 4760 2512 4817 de
2547 4775 2707 4815 manu
2742 4768 2830 4814 tua
2857 4759 3123 4829 requiram
3149 4755 3169 4830 (
3195 4746 3295 4820 Ib.
3320 4776 3369 4813 υ.
3412 4756 3495 4825 5).
3524 4754 3655 4822 Quis
3691 4755 3860 4824 igitur

2263 4862 2346 4907 est
2367 4852 2454 4907 ille
2483 4862 2589 4906 tam
2616 4850 2850 4905 crudelis
2873 4857 2929 4904 et
2952 4848 3271 4903 inhumanus
3290 4888 3304 4911 ,
3335 4855 3391 4901 et
3430 4846 3814 4901 immiscricors
3833 4888 3853 4911 ,

2262 4946 2350 5016 qui
2377 4944 2740 5001 concionatori
2766 4943 2898 4997 vitio
2925 4951 3091 4998 vertat
3120 4940 3341 5005 dicenti,
3364 4938 3536 5009 deque
3562 4941 3641 4993 ira
3670 4938 3858 4993 divina

2220 5046 2223 5049 λ
2262 5034 2569 5106 frequenter
2588 5035 2746 5091 verba
2775 5034 3008 5100 l'acienti,
3039 5049 3159 5089 cum
3189 5041 3362 5087 tantas
3389 5031 3613 5086 luiturus
3634 5031 3707 5086 sit
3735 5047 3861 5100 pm-

2264 5142 2375 5192 nas,
2409 5128 2454 5183 si
2482 5128 2743 5182 tacuerit?
2770 5124 2934 5181 Nobis
2958 5141 3085 5195 ergo
3106 5125 3195 5195 qui
3219 5124 3614 5187 conciouamur,
3648 5137 3869 5193 nequa-

2263 5235 2420 5290 quam
2461 5217 2753 5289 prodesse,
2780 5217 2826 5272 si
2880 5217 3001 5271 talia
3050 5215 3358 5271 siluerimus
3382 5257 3398 5279 ,
3425 5213 3753 5269 sufﬁcienter
3798 5224 3861 5269 et

2264 5313 2524 5381 propheta
2568 5324 2667 5365 nos
2693 5309 2875 5364 docuit
2894 5351 2910 5374 ,
2944 5319 2999 5365 et
3026 5306 3334 5379 apostolus;
3363 5305 3456 5361 sed
3487 5319 3662 5373 neque
3700 5304 3864 5359 vobis

2265 5406 2551 5474 prodesse,
2583 5404 2670 5473 qui
2714 5401 3092 5467 auditis,inde
3120 5399 3405 5455 constabit.
3448 5396 3580 5451 Nam
3623 5396 3669 5450 si
3711 5411 3853 5468 ego.

2262 5495 2387 5549 dum
2416 5495 2548 5549 sileo
2572 5536 2585 5555 .
2615 5504 2826 5564 peccata
2857 5492 3066 5547 silentio
3091 5490 3472 5546 absconderem
3501 5532 3516 5552 ,
3549 5496 3695 5543 recte
3724 5502 3856 5541 suc-

2262 5599 2503 5643 censeret
2540 5588 2935 5657 unusquisque,
2966 5602 3027 5639 ac
3075 5588 3266 5639 merito
3320 5582 3718 5651 indignaretur,
3752 5582 3861 5636 nisi

2262 5681 2472 5734 silerem
2506 5699 2517 5734 :
2546 5680 2625 5734 tiu
2654 5688 2830 5733 autem
2857 5721 2872 5745 ,
2905 5678 3238 5749 quantumvis
3270 5678 3377 5745 jam
3410 5689 3515 5728 non
3559 5674 3813 5727 sileamus
3837 5713 3856 5739 ,

2263 5770 2483 5827 eninino
2530 5788 2751 5829 necesse
2795 5784 2876 5827 est
2916 5783 2970 5826 ut
3016 5772 3119 5825 illic
3170 5770 3357 5824 delicta
3408 5764 3852 5830 manifestcntur,
