4082 6422
214 402 319 473 ἰνα
351 416 426 487 μή
471 413 665 486 λέγητε
714 415 795 469 ὅτι
830 417 900 469 Σὺ
925 415 1162 486 καθαρὸς
1204 416 1281 468 ὢν
1331 418 1769 488 ἁμαρτημάτων,

219 497 622 570 ἀπηλλαγμένος
644 499 745 567 τῆς
782 497 976 567 ὀδύνης
1006 497 1104 568 τῆς
1137 496 1280 551 κατά
1306 491 1407 569 τὴν
1422 498 1775 574 ἐπιτίμησιν,

212 579 340 651 μετά
366 580 568 649 πολλῆς
600 579 850 644 ἐξουσίας
880 580 1166 649 ἐπιφέρεις
1188 582 1220 651 ἡ
1231 582 1321 650 μίν
1348 579 1650 651 βαθυτέραν
1680 579 1778 650 τήν

207 665 391 734 τομήν.
424 663 569 732 Ἐγὼ
610 663 719 734 γάρ
751 663 1014 732 πρότερος
1061 662 1390 733 αἰσθάνομαι
1420 663 1521 733 τῆς
1564 662 1773 732 ὀδύνης,

206 746 384 818 ἐπειδὴ
420 746 516 799 καὶ
546 745 707 809 αὑτὸς
754 744 1051 807 ὑπεύθυνός
1096 745 1210 816 εἰμι
1252 748 1366 809 τοῖς
1393 746 1774 821 ἁμαρτήμασι.

204 831 424 892 Πάντες
450 825 564 897 γάρ
585 828 773 896 ἐσμεν
797 827 867 879 ἐν
886 828 1201 895 ἐπιτιμίοις
1216 843 1229 857 ο
1266 829 1380 891 καὶ,
1407 826 1616 892 Οὐδείς
1638 843 1779 879 xum

202 911 446 981 χήσεται
480 911 679 980 ἁγνὴν
701 910 863 978 ἔχειν
899 909 1173 977 καρδίαν.
1216 911 1377 964 Ὥστε
1410 911 1508 964 οὑκ
1535 912 1591 962 ἐν
1624 909 1779 963 ἀλλο-

198 992 362 1062 τρίοις
384 991 696 1062 φιλοσοφῶν
719 992 927 1054 κακοῖς,
952 992 1075 1044 οὑδέ
1100 993 1158 1057 ἐξ
1187 992 1583 1063 ἀπανθρωπίας
1614 991 1775 1055 τινὸς,

198 1074 308 1128 ἀλλ’
338 1072 449 1128 ἀπὸ
476 1071 807 1146 κηδεμονίας
836 1073 1037 1145 πολλῆς
1073 1074 1202 1136 τοὺς
1230 1073 1486 1143 ἐλέγχους
1516 1072 1779 1143 ἐποιησά-

200 1174 304 1229 μην
341 1157 609 1219 ἐκείνους.
647 1157 769 1208 Ἐπί
810 1156 909 1226 μὲν
941 1156 1048 1226 γὰρ
1077 1155 1188 1209 τῶν
1215 1155 1286 1209 τά
1308 1158 1541 1227 σώματα
1568 1157 1780 1225 ἰατρευ-

197 1242 381 1303 όντων,
407 1240 437 1292 6
473 1239 575 1307 μὲν
608 1238 828 1306 ἐπάγων
853 1239 951 1308 τὴν
985 1238 1198 1311 πληγὴν
1228 1238 1482 1309 οὐδεμίαν
1512 1237 1779 1307 λαμόάνει

196 1325 289 1394 τῆς
318 1321 541 1392 πληγῆς
565 1319 836 1390 αἴσθησιν,
866 1321 894 1373 6
924 1320 981 1373 δέ
1012 1323 1364 1391 τεμνόμενος,
1394 1316 1550 1383 οὗτός
1574 1321 1723 1372 ἐστιν
1750 1320 1779 1371 ὁ

196 1403 580 1474 διασπώμενος
615 1404 735 1464 ταῖς
786 1402 1043 1473 ἀλγηδόσι
1081 1403 1277 1472 μόνος·
1311 1403 1405 1456 ἐπὶ
1442 1402 1499 1455 δὲ
1538 1400 1646 1456 τῶν
1682 1401 1779 1465 τὰς

196 1486 369 1557 ψυχάς
395 1482 814 1554 θεραπευόντων
840 1485 938 1553 οὑχ
967 1483 1161 1552 οὕτως,
1193 1486 1242 1538 εί
1285 1485 1417 1556 μήτι
1457 1500 1521 1551 γε
1550 1484 1782 1554 σφάλλο-

200 1586 296 1640 μαι
324 1568 383 1632 ἐξ
416 1566 615 1620 ἑαυτοῦ
647 1564 714 1619 τὰ
745 1566 853 1620 τῶν
881 1566 1082 1620 λοιπῶν
1109 1567 1440 1638 δοκιμάζων,
1478 1568 1592 1623 ἀλλ’
1618 1567 1781 1630 αὑτὸς

200 1651 460 1723 πρότερος
479 1650 734 1702 όδυνᾶται
754 1651 781 1701 6
805 1650 999 1716 λέγων,
1022 1650 1184 1719 ἡνίκα
1209 1650 1274 1704 ἂν
1300 1652 1508 1723 ἑτέροις
1530 1651 1776 1721 ἐπιτιμᾷ.

198 1734 326 1786 Οὑδέ
360 1732 474 1801 γὰρ
502 1729 677 1792 οὑτως
704 1730 1049 1801 ἐλεγχόμενοι
1084 1735 1212 1803 παρ’
1250 1732 1451 1805 ἐτέρων
1485 1734 1776 1803 ἀλγοῦμεν,

198 1814 269 1879 ὼς
288 1814 606 1882 ἐλέγχοντες
631 1813 850 1882 ἐτέρους
884 1814 1026 1884 ὑπὲρ
1055 1814 1489 1886 ἁμαρτημάτων,
1509 1809 1584 1870 ὧν
1612 1817 1780 1886 ἐσμεν

201 1897 509 1951 ὑπεύθυνοι.
544 1896 1007 1967 Ἐπιλαμόάνεται
1041 1896 1151 1967 γὰρ
1191 1897 1394 1962 εὐθέως
1441 1899 1502 1952 τδ
1542 1898 1780 1960 συνειδὸς

199 1981 287 2036 τοῦ
312 1980 587 2051 λέγοντος,
619 1980 717 2033 καὶ
740 1980 802 2032 τὸ
836 1980 1183 2045 διδασκαλίας
1210 1980 1363 2054 [660]
1398 1982 1780 2053 περικείμενον

199 2064 446 2136 ἀξίωμα,
500 2062 580 2127 είς
640 2064 709 2117 τὰ
757 2063 896 2116 αὑτά
947 2066 1057 2126 τοῖς
1103 2064 1370 2135 μαθηταῖς
1419 2064 1778 2129 καταπίπτειν

200 2148 598 2218 ἁμαρτήματα,
648 2146 743 2198 καὶ
779 2144 888 2197 τῶν
933 2146 1111 2198 αὐτῶν
1145 2146 1350 2201 δεῖσθαι
1387 2148 1645 2218 ἐλέγχων,
1686 2164 1778 2200 πι-

200 2230 463 2301 κροτέραν
492 2229 573 2299 τῷ
601 2228 812 2294 λέγοντι
846 2232 992 2281 ποιεῖ
1018 2228 1350 2300 τὴνόδύνην.

266 2312 329 2380 β’.
346 2313 457 2388 Καὶ.
468 2311 644 2365 ταῦτα
660 2312 757 2381 οὑχ
769 2312 954 2375 ἁπλῶς
971 2312 1309 2384 ἀποδύρομαι
1329 2312 1442 2367 νῦν·
1459 2313 1573 2366 ἀλλ’
1592 2312 1777 2382 ἐπειδὴ

200 2395 376 2447 πολλοὶ
398 2393 461 2446 τὺ
484 2391 661 2464 ’βάρος
689 2394 796 2445 τῶν
827 2394 1131 2464 εἰρημένων
1154 2396 1253 2448 οὐκ
1280 2396 1611 2462 ἐνεγκόντες,
1641 2395 1781 2466 μετά

197 2476 290 2547 τὴν
327 2475 679 2547 ἀναχώρησιν
710 2475 1095 2546 προσελθόντες
1139 2476 1537 2548 ἐδυσχέραινον,
1572 2479 1779 2547 ήγανά-

198 2574 376 2623 κτιυν,
409 2558 672 2627 Ἀπάγεις
703 2560 873 2629 ἡμᾶς,
894 2559 1280 2630 λέγοντες,τῆς
1303 2562 1453 2631 ἰερᾶς
1473 2562 1776 2634 τραπέζης,

198 2642 287 2695 καὶ
328 2642 431 2711 τῆς
469 2640 755 2703 κοινωνίας
795 2640 1107 2705 ἀποσοϐεῖς.
1160 2643 1258 2694 Διά
1302 2641 1460 2696 τοῦτο
1496 2644 1671 2697 ταῦτα
1710 2646 1778 2714 ή-

198 2724 513 2794 ναγκὰσθην
549 2726 744 2791 εἰπεῖν,
778 2724 864 2776 ἵνα
892 2724 1102 2796 μάθητε
1136 2725 1217 2778 ὅτι
1252 2727 1352 2780 οὐκ
1392 2728 1612 2797 ἀπάγω,
1643 2728 1779 2783 ἀλλά

199 2809 415 2876 συνάγω
459 2805 698 2876 μᾶλλονο
750 2807 849 2859 οὐκ
878 2806 1134 2860 ἀποσοϐῶ
1172 2808 1294 2861 οὑδέ
1346 2804 1618 2881 ἀπείργω,
1659 2810 1776 2864 ἀλλ’

200 2888 517 2958 ἐπισπῶμαι
548 2888 634 2943 διά
661 2888 769 2941 τῶν
796 2889 1032 2959 ἐλέγχων
1061 2889 1236 2943 πλέον.
1272 2891 1328 2943 Ὀ
1355 2892 1463 2965 γὰρ
1489 2891 1653 2960 φόόος
1676 2892 1779 2963 τῆς
1810 2899 1814 2903 ’

199 2970 493 3042 εἰρημένης
522 2971 811 3042 τιμωρίας,
843 2972 1093 3044 καθάπερ
1120 2972 1231 3043 πῦρ
1262 2976 1339 3035 εἰς
1380 2976 1580 3046 κηρὸν,
1605 2975 1778 3039 οὕτως

198 3055 276 3117 εἰς
292 3055 353 3106 τὸ
376 3054 616 3115 συνειδὸς
627 3053 738 3107 τῶν
750 3056 1173 3126 ἁμαρτανόντων
1191 3058 1504 3127 ἐμπίπτων,
1533 3058 1647 3113 λύει
1678 3060 1778 3130 μὲν

199 3138 352 3208 ήμῶν
382 3138 479 3191 καὶ
518 3138 676 3208 τήκει
704 3136 772 3189 τά
800 3138 1267 3209 πλημμελήματα,
1304 3139 1567 3211 διηνεκῶς
1608 3144 1776 3212 ἐγκα-

200 3218 457 3289 θήμενος,
478 3218 724 3292 καθαρὰν
745 3220 802 3273 δὲ
832 3222 927 3273 καὶ
952 3220 1383 3277 ἀποστίλϐουσαν
1412 3225 1779 3297 ἐργαζόμενος

203 3304 294 3374 τήν
322 3303 585 3366 διάνοιαν,
636 3303 859 3357 πλείονα
904 3304 1002 3374 τὴν
1041 3307 1355 3377 παρρησίαν
1403 3308 1532 3378 ἡμῖν
1566 3311 1778 3384 ἐντίθη-

203 3397 326 3436 σιν·
349 3402 364 3417 ·
400 3385 511 3439 ἀπὸ
546 3386 603 3439 δέ
623 3385 722 3454 τῆς
750 3388 1064 3458 παρρησίας
1097 3390 1189 3441 καί
1227 3390 1538 3461 προθυμίας
1577 3392 1778 3449 πλείων

203 3468 394 3535 γένοιτ’
424 3467 493 3521 ἂν
530 3468 664 3538 πρὸς
689 3468 751 3521 τὸ
785 3469 1025 3540 συνεχῶς
1050 3470 1158 3525 τῶν
1184 3472 1510 3545 ἀπορρήτων
1539 3475 1631 3529 καί
1655 3494 1779 3547 φρι-

204 3550 344 3603 κτῶν
359 3554 635 3604 κοινωνεῖν
650 3551 986 3622 μυστηρίων.
1005 3554 1113 3607 Καὶ
1139 3553 1391 3626 καθάπερ
1409 3559 1437 3610 ὁ
1458 3559 1629 3628 πικρά
1648 3560 1781 3631 φάρ-

208 3650 353 3701 μακα
374 3636 489 3697 τοῖς
516 3635 822 3699 κακοσίτοις
846 3635 1041 3699 διδοὺς,
1056 3636 1149 3690 καὶ
1171 3640 1295 3702 τοὺς
1325 3643 1594 3713 πονηροὺς
1616 3646 1780 3698 ἐκκα-

204 3714 406 3799 θαίρων
444 3719 673 3787 χυμοὺς,
705 3717 959 3790 διεγείρει
991 3719 1089 3791 τὴν
1133 3721 1617 3795 καταδεόλημένην
1658 3727 1781 3799 δρε-

206 3797 304 3864 ξιν,
336 3799 434 3855 καὶ
458 3801 596 3870 μετά
625 3800 867 3865 πλείονος
901 3806 1310 3873 παρασκευάζει
1344 3810 1443 3877 τῆς
1470 3797 1780 3880 προθυμίας

205 3881 299 3966 τῆς
323 3883 589 3953 συνήθους
615 3883 881 3938 ἅπτεσθαι
903 3887 1139 3957 τροφῆςο
1170 3887 1314 3952 οὕτω
1338 3888 1401 3960 δὴ
1436 3892 1529 3944 καὶ
1551 3892 1579 3945 ό
1608 3894 1781 3966 πικρά

206 3961 375 4032 λέγων
417 3966 659 4037 ρήματα,
704 3968 797 4021 καί
849 3968 1125 4039 καθαίρων
1151 3972 1279 4034 τοὺς
1319 3975 1591 4045 πονηροὺς
1638 3961 1782 4045 λογια

209 4048 375 4114 σμοὺς
402 4047 505 4118 τῆς
532 4049 789 4114 διανοίας,
830 4054 925 4104 καί
959 4052 1021 4105 τὸ
1052 4052 1191 4123 βαρὺ
1230 4054 1340 4109 τῶν
1368 4057 1782 4129 ἁμαρτημάτων

207 4128 712 4213 ἀποσκευαζόμενος
763 4134 1002 4204 φορτίον,
1053 4134 1266 4189 δίδωσιν
1323 4128 1657 4193 ἀναπνεῦσαι
1703 4142 1782 4213 τῷ

208 4212 486 4291 συνειδότι,
523 4215 617 4267 καὶ
652 4214 790 4284 μετά
843 4216 1043 4286 πολλῆς
1086 4218 1186 4287 τῆς
1231 4219 1425 4290 ήδονῆς
1468 4212 1781 4291 ἀπογεύσα-

209 4290 328 4365 σθαι
360 4295 455 4362 τοῦ
492 4294 742 4367 σώματος
778 4298 1190 4369 παρασκευάζει
1214 4299 1309 4353 τοῦ
1338 4301 1681 4360 δεσποτικοῦ.
1706 4309 1781 4361 Οὐ

206 4378 382 4461 τοίνυν
410 4380 785 4452 δυσχεραίνειν
816 4383 959 4454 ὑπὲρ
1003 4385 1112 4439 τῶν
1153 4386 1459 4457 εἰρημένων
1502 4392 1630 4461 χρὴ,
1666 4392 1780 4446 ἀλλ’

208 4460 567 4531 ἀποδέχεσθαι
594 4467 689 4517 καὶ
709 4466 972 4528 ἐπαινεῖν.

276 4544 339 4595 Εἰ
373 4544 434 4597 δέ
472 4561 617 4609 τινες
652 4546 1040 4618 ἀσθενέστερον
1062 4548 1382 4617 διάκεινται,
1421 4556 1516 4608 καὶ
1551 4557 1653 4611 οὑκ
1690 4559 1783 4611 ἀν-

209 4626 419 4695 ἔχονται
436 4628 637 4700 ταύτης
652 4631 810 4703 ἡμῶν
830 4633 924 4701 τῆς
951 4634 1262 4703 ἀπολογίας,
1282 4638 1457 4690 ἐκεῖνο
1482 4637 1548 4693 ἂν
1572 4642 1781 4712 είποιμι

208 4713 339 4781 πρὸς
368 4712 565 4777 αὐτοῦς
585 4754 597 4777 ,
632 4715 713 4767 ὅτι
748 4716 863 4768 Οὑκ
894 4716 1131 4786 ἐμαυτοῦ
1162 4719 1357 4787 νόμους
1393 4721 1521 4791 ὑμῖν
1556 4723 1783 4793 ἐξηγοῦ-

209 4808 325 4862 μαι,
360 4794 476 4847 ἀλλ’
525 4796 591 4849 ἐκ
622 4797 730 4849 τῶν
771 4798 1018 4869 οὐρανῶν
1064 4802 1377 4856 καταϐάντα
1422 4804 1783 4874 ἀναγινώσκω

207 4876 526 4962 γράμματα*
550 4879 643 4932 καὶ
668 4879 878 4953 ἀνάγκη
904 4882 993 4935 τὸν
1011 4884 1215 4953 ταύτην
1230 4885 1664 4954 ἐμπιστευθέντα
1685 4889 1782 4962 τήν

206 4959 496 5026 διακονίαν,
515 4962 547 5033 ἢ
572 4963 746 5017 πάντα
767 4964 901 5033 μετὰ
924 4966 1236 5038 παρρησίας
1256 4972 1429 5021 εἰπεῖν
1441 4970 1509 5023 τὰ
1530 4959 1782 5045 ἐγκείμε-

206 5060 285 5107 va;
312 5045 371 5098 τὸ
398 5046 697 5117 συμφέρον,
722 5048 855 5101 ἀλλά
888 5048 963 5119 μὴ
984 5050 1045 5102 τὸ
1070 5049 1166 5119 ήδὺ
1192 5053 1302 5114 τοῖς
1326 5053 1622 5125 ἀκροαταῖς
1647 5075 1781 5111 παν·

206 5130 366 5197 ταχοῦ
400 5126 699 5199 ζητοῦντα·
738 5130 771 5201 ἢ
800 5133 899 5203 τὴν
939 5132 1049 5185 τῶν
1088 5134 1395 5189 ἀκουόντων
1424 5128 1781 5210 ’ὑπειδόμενον

208 5210 519 5283 ἀπέχθειαν,
548 5214 643 5267 καὶ
671 5214 769 5285 τὴν
796 5216 991 5268 ἐαυτοῦ
1015 5217 1109 5269 καὶ
1142 5216 1239 5287 τὴν
1267 5218 1489 5274 ἐκείνων
1516 5224 1781 5291 προέσθαι

212 5298 499 5379 σωτηρίαν,
530 5296 617 5351 διά
640 5298 738 5369 τῆς
772 5300 1003 5370 ἀκαίρου
1033 5301 1238 5371 ταύτης
1268 5304 1486 5375 χάριτος
1515 5307 1637 5359 Ὅτι
1671 5307 1780 5379 γὰρ

208 5378 295 5431 καὶ
325 5380 403 5449 τῷ
425 5378 636 5447 λέγοντι
666 5382 761 5435 καὶ
787 5385 899 5447 τοῖς
921 5383 1178 5438 ἀκούουσι
1205 5387 1407 5458 σφόδρα
1441 5390 1778 5443 ἐπικίνδυνον

208 5459 265 5512 τὸ
284 5462 390 5514 τῶν
421 5460 577 5514 θείων
604 5463 1048 5535 ἀποκρύπτεσοαί
1071 5486 1121 5522 τι
1141 5468 1339 5539 νόμων,
1362 5472 1454 5525 καί
1487 5472 1566 5525 ὅτι
1601 5471 1778 5543 φόνων

267 5707 289 5733 ⁸
314 5704 432 5754 Colb
479 5707 752 5764 ἐπιτίθησιν.
860 5752 863 5755 η

503 5785 769 5847 ιἠιιυι..
817 5790 932 5850 Gn.
986 5792 1050 5853 L.

1110 300 1246 359 NON
1286 301 1456 358 ESSE
1496 299 1585 356 AD
1625 301 1938 358 CRATIAM
1974 299 2536 358 CONCIONANDUM.

3360 295 3469 352 636

1885 415 2177 470 ὑπεύθυνοι
2225 416 2275 469 οἰ
2319 414 2628 469 διδάσκαλοι
2677 413 2974 484 κρίνονται,
3020 413 3147 467 ὃταν
3183 414 3258 484 μή
3291 412 3469 468 πάντα

1884 508 2051 577 χωρὶς
2083 505 2385 575 ὑποστολῆς
2406 505 2713 575 ἐξηγῶνται
2732 503 2826 557 τοῦ
2854 502 2989 557 Θεοῦ
3010 503 3078 556 τά
3101 501 3467 572 δικαιώματα,

1882 598 2095 651 Παῦλον
2126 598 2254 667 ὑμῖν
2283 597 2489 651 τούτων
2522 596 2683 650 πάλιν
2718 596 3026 667 παρέξομαι
3059 594 3334 666 μάρτυρα.
3369 595 3466 647 Διά

1880 688 1989 759 γάνρ
2042 689 2203 742 τοῦτο
2241 687 2483 757 συνεχῶς
2529 687 2671 758 ὑπὲρ
2718 686 2985 739 ἁπάντων
3027 683 3121 737 ἐπὶ
3156 683 3255 754 τὴν
3306 683 3468 750 ἁγίαν

1882 780 2098 851 ἐκείνην
2148 780 2482 848 καταφεύγω
2526 778 2725 849 ψυχὴν,
2772 778 2854 831 ὅτι
2883 776 3145 848 χρήσιμοί
3185 775 3333 838 τινές
3361 776 3467 827 εἰσι

1882 873 1974 925 καὶ
2011 870 2148 924 θεῖοι
2169 871 2326 941 νόμοι
2373 872 2443 925 τά
2470 872 2684 925 Παύλου
2710 872 2953 943 ρήματα.
2980 872 3054 923 Οὐ
3101 870 3212 939 γὰρ
3257 866 3469 929 Παῦλός

1881 966 2032 1017 ἐστιν
2060 965 2089 1015 ό
2117 962 2313 1027 λαλῶν,
2362 960 2475 1015 ἀλλ’
2512 965 2541 1017 6
2573 962 2807 1033 Χριστὸς
2831 963 2859 1015 6
2898 961 2997 1032 τὴν
3042 959 3261 1013 ἐκείνου
3291 958 3468 1028 ψυχὴν

1880 1052 2079 1107 κινῶν·
2114 1054 2181 1106 δι’
2209 1050 2418 1110 ἐκείνου
2457 1054 2565 1123 γὰρ
2594 1052 2893 1121 φθέγγεται
2924 1051 3122 1114 πάντα,
3156 1049 3299 1121 ἀπερ
3328 1051 3470 1102 ἐκεῖ·

1877 1158 1968 1207 νος
2010 1140 2153 1199 εἷπε.
2191 1146 2254 1197 Τί
2284 1144 2463 1198 τοίνυν
2492 1144 2657 1214 φησὶν
2693 1146 2721 1196 6
2768 1142 3016 1207 Παῦλος;
3050 1141 3301 1203 Καλέσας
3340 1142 3468 1203 τοὺς

1878 1237 1980 1307 τὴν
2016 1238 2250 1305 Ἔφεσον
2298 1237 2616 1301 οἰκοῦντας,
2665 1237 2759 1289 καὶ
2808 1232 3048 1305 ἐσχάτην
3091 1230 3229 1303 πρὸς
3270 1233 3468 1295 αὐτοὺς

1850 1328 2220 1400 ’δημηγορίαν
2249 1327 2442 1395 εἰπὼν,
2479 1328 2666 1400 ἐπειδὴ
2709 1328 2896 1380 λοιπὸν
2925 1328 3107 1380 αὑτῶν
3134 1326 3468 1380 ἀπίστασθαι

1882 1419 2106 1490 ήμελλε,
2131 1418 2398 1473 διδάσκων
2432 1421 2559 1482 τοὺς
2586 1420 2953 1490 ἐφεστηκότας
2989 1420 3195 1480 αὑτοῖς,
3222 1418 3305 1469 ὃτι
3337 1417 3469 1469 καθ-

1882 1510 2027 1580 άπερ
2062 1513 2110 1563 οἱ
2153 1509 2215 1562 τὸ
2259 1504 2402 1581 αἷμα
2444 1511 2727 1579 ἐκχέοντες
2762 1510 2872 1564 τῶν
2900 1509 3179 1580 μαθητῶν,
3218 1506 3392 1569 οὕτως
3418 1510 3467 1559 οἰ

1879 1600 1949 1655 τὰ
1980 1601 2327 1672 συμφέροντα
2353 1601 2503 1672 [661]
2537 1601 2610 1672 μὴ
2637 1602 2885 1669 λέγοντες
2908 1602 3113 1667 αὐτοῖς,
3136 1601 3274 1652 εἰσὶν
3295 1598 3467 1651 ὑπεύο

1882 1692 2031 1746 θυνοι
2059 1691 2333 1755 κολάσεως
2364 1692 2457 1745 καὶ
2486 1693 2781 1763 τιμωρίας,
2828 1691 2972 1744 οῦτω
2998 1690 3117 1753 πώς
3146 1706 3280 1761 φησι
3299 1704 3314 1721 ο
3347 1690 3468 1741 Kac

1880 1785 2060 1851 θαρός
2094 1786 2210 1853 ειμι
2239 1784 2354 1853 ἐγὼ
2382 1785 2502 1838 ἀπὸ
2525 1784 2632 1838 τοῦ
2669 1786 2919 1851 αἵματος
2950 1781 3212 1836 πάντων.
3243 1779 3342 1841 Διά
3376 1779 3463 1843 τίς

1883 1877 1965 1929 Οὐ
1995 1875 2105 1946 γὰρ
2153 1876 2611 1944 ὑπεστειλάμην
2650 1874 2760 1928 τοῦ
2800 1872 2887 1943 μὴ
2934 1871 3282 1944 ἀναγγεῖλαι
3324 1868 3467 1938 ὑμῖν

1880 1965 2090 2021 πᾶσαν
2122 1967 2238 2034 τὴν
2268 1965 2517 2033 ,ϐουλὴν
2548 1966 2654 2020 τοῦ
2692 1964 2839 2020 Θεοῦ
2860 1982 2871 1995 ’
2906 1959 2982 2029 ώς
3012 1966 3058 2018 εἰ
3106 1958 3466 2017 ὑπεστείλατο

1879 2056 1972 2111 τοῦ
2006 2057 2079 2129 μὴ
2111 2059 2455 2127 ἀναγγεῖλαι.
2489 2060 2589 2111 οὑκ
2614 2052 2682 2129 ἦν
2713 2058 2947 2129 καθαρὸς
2979 2061 3044 2112 ἐκ
3076 2056 3170 2110 τοῦ
3209 2054 3462 2127 αἵματος.

1880 2151 1997 2203 ἀλλ’
2032 2152 2107 2215 ώς
2140 2150 2467 2221 ἀνδροφόνος
2510 2153 2775 2224 ἐκρίνετο,
2812 2150 2905 2203 καὶ
2943 2150 3087 2221 μάλα
3125 2146 3367 2212 εἰκότως.
3405 2148 3466 2201 '0

1884 2240 1981 2311 μὲν
2013 2241 2123 2313 γὰρ
2169 2242 2493 2313 ἀνδροφόνος
2536 2242 2594 2296 τὸ
2644 2242 2803 2314 σῶμα
2853 2244 3071 2311 ἀναιρεῖ
3102 2241 3296 2310 μόνον,
3340 2240 3369 2291 ὁ
3407 2233 3466 2291 δέ

1880 2333 2019 2403 πρὸς
2075 2335 2235 2405 χάριν
2281 2336 2634 2405 δημηγορῶν,
2675 2336 2770 2387 καὶ
2836 2334 3243 2405 ῥᾳθυμοτέρους
3296 2329 3465 2383 ποιῶν

1880 2420 2005 2483 τοὺς
2037 2420 2334 2491 ἀκροατὰς,
2373 2419 2473 2491 τὴν
2517 2422 2696 2493 ψυχὴν
2732 2422 3030 2474 ἀπόλλυσι·
3068 2422 3320 2482 κάκεῖνος
3365 2417 3465 2488 μὲν

1878 2503 1957 2577 τῷ
2000 2510 2227 2580 παρόντι
2259 2508 2553 2580 προδίδωσι
2597 2510 2830 2580 θανάτῳ.
2872 2504 3026 2572 οὗτος
3060 2509 3117 2561 δέ
3154 2507 3252 2579 τὴν
3285 2506 3464 2577 ψυχὴν

1880 2594 2166 2660 ἀπόλλυσι,
2198 2597 2292 2650 καὶ
2326 2598 2464 2668 πρὸς
2492 2596 2590 2660 τὰς
2634 2598 2931 2660 ἀθανάτους
2981 2596 3346 2667 παραπέμπει
3378 2611 3465 2647 κου

1878 2682 2065 2749 λάσεις
2094 2687 2187 2739 καί
2217 2688 2512 2757 τιμωρίας.
2549 2682 2695 2758 *Αρα
2724 2682 2819 2740 οῦν
2864 2686 3077 2749 Παῦλος
3110 2686 3272 2755 μόνος
3307 2681 3465 2737 τοῦτό

1881 2789 2079 2843 φησιν;
2129 2773 2428 2844 Οὐδαμῶς,
2480 2774 2616 2828 ἀλλά
2668 2772 2762 2828 καί
2810 2774 2915 2845 πρὸ
2959 2773 3173 2827 Παύλου
3227 2771 3389 2825 πάλιν
3437 2772 3465 2823 6

1879 2859 2013 2924 Θεὸς
2052 2859 2144 2914 διὰ
2203 2861 2299 2915 τοῦ
2344 2863 2625 2934 προφήτου
2671 2862 2731 2914 τὸ
2769 2860 2901 2914 αὐτὸ
2952 2860 3111 2913 τοῦτο
3170 2860 3465 2929 αἰνίττεται

1879 2945 2023 3000 οῦτω
2052 2947 2227 3017 λέγων
2249 2966 2263 2981 ⁸
2297 2950 2541 3003 Σκοπὸν
2570 2948 2801 3002 δέδωκά
2822 2964 2896 3002 σε
2926 2947 3006 3013 τῷ
3028 2947 3173 3009 οἴκῳ
3201 2945 3462 3014 Ἰσραήλς

1880 3036 1946 3088 Τί
1983 3037 2138 3096 ἐστι,
2180 3039 2459 3103 Σκοπόν;
2492 3035 2704 3099 Σκοπὸς
2747 3037 2967 3106 λέγεται
3016 3039 3045 3090 δ
3073 3036 3184 3090 τῶν
3231 3049 3464 3106 στρατοέ

1880 3124 2059 3179 πέδων
2091 3126 2241 3180 κάτω
2285 3125 2611 3199 καθημένων
2646 3125 2851 3195 ὑψηλὸν
2898 3123 2991 3179 καί
3036 3123 3312 3192 γεώλοφον
3360 3140 3467 3192 χω·

1881 3213 1998 3282 ρίον
2026 3213 2350 3269 καταλαϐὼν
2400 3215 2656 3269 κάκεῖθεν
2701 3214 2955 3277 ἐπιόντας
2998 3214 3123 3275 τοὺς
3176 3209 3466 3281 πολεμίους

1883 3296 2189 3366 σκοπεύων,
2235 3304 2477 3366 καὶτοῖς
2522 3301 2673 3356 κάτω
2723 3299 3063 3370 καθημένοις
3098 3292 3317 3369 μηνύων
3365 3296 3466 3367 τὴν

1881 3388 2089 3458 ἔφοδον,
2121 3388 2217 3442 καὶ
2241 3388 2525 3459 διεγείρων
2549 3388 2684 3460 πρὸς
2706 3388 2805 3458 τὴν
2828 3386 2920 3440 τοῦ
2946 3385 3185 3456 πολέμου
3214 3383 3460 3456 παράταο

1881 3476 1985 3543 ξιν,
2016 3476 2158 3530 ὥστε
2194 3477 2268 3548 μὴ
2298 3477 2627 3547 ἀφυλάκτοις
2667 3472 3049 3539 ἐπιπεσόντας,
3085 3474 3222 3546 μετά
3263 3469 3467 3543 πολλῆς

1880 3563 2316 3635 διαχειρίσασθαι
2357 3566 2454 3635 τῆς
2487 3560 2757 3629 εὐκολίας.
2812 3563 2968 3617 Ἐπεὶ
3002 3557 3096 3617 οὖν
3139 3560 3311 3616 πολλά
3354 3559 3467 3616 τῶν

1880 3651 2145 3705 ἐπιόντων
2186 3651 2379 3705 δεινῶν
2414 3654 2510 3722 οὑχ
2560 3652 2777 3723 δρῶμεν
2810 3648 2969 3721 ἡμεῖς
3013 3648 3062 3705 οἰ
3114 3649 3289 3721 χαμαὶ
3323 3648 3468 3720 βαδί-

1882 3738 2087 3804 ζοντες,
2123 3738 2474 3812 ᾠκονόμησεν
2522 3740 2555 3809 ή
2598 3740 2694 3793 τοῦ
2736 3736 2871 3793 Θεοῦ
2920 3730 3098 3811 χάρις,
3148 3731 3336 3807 ὥσπερ
3378 3737 3468 3805 ὲφο

1883 3826 2091 3899 ὑψηλοῦ
2134 3827 2340 3899 χωρίου
2369 3828 2467 3897 τῆς
2506 3825 2846 3900 προφητείας
2880 3827 3006 3889 τοὺς
3035 3827 3223 3897 ἁγίους
3253 3828 3465 3896 προφή-

1880 3931 1980 3979 τας
2023 3914 2263 3979 ἐστῶτας
2285 3960 2299 3981 ,
2339 3909 2637 3986 μέλλουσαν
2674 3914 2769 3969 τοῦ
2817 3914 2954 3969 Θεοῦ
2993 3914 3091 3985 τὴν
3123 3908 3293 3988 ὀργὴν
3330 3916 3463 3985 ἡμῖν

1883 4000 2096 4056 ἐπιέναι
2128 4002 2414 4075 πόρρωθεν
2436 4003 2795 4074 προμηνύειν,
2827 3996 2915 4056 ἵνα
2944 4002 3032 4056 διά
3052 3998 3150 4073 τῆς
3174 4002 3462 4073 μετανοίας
3576 4024 3588 4035 ·

1883 4090 2110 4154 ἐαυτοὺς
2142 4090 2617 4162 ἀνακτησάμενοι,
2652 4090 2744 4144 καλ⁸
2781 4090 3135 4145 πεπτωκυῖαν
3171 4089 3330 4161 ήμῶν
3367 4089 3465 4161 τὴν

1881 4174 2061 4247 ψυχήν
2108 4174 2519 4247 ἀνορθώσαντες
2540 4213 2556 4243 ,
2588 4176 2688 4246 τὴν
2716 4175 2977 4247 θεήλατον
3014 4175 3297 4249 πόρρωθεν
3324 4177 3465 4229 ἀπο-

1884 4264 2247 4337 κρουσώμεθα
2288 4266 2525 4336 πληγήν.
2559 4264 2656 4319 Διά
2690 4264 2850 4319 τοῦτό
2886 4282 3051 4335 φησιο
3096 4264 3341 4320 Σκοπὸν
3370 4264 3467 4319 δέο

1882 4352 2046 4408 δωκά
2078 4368 2153 4407 σε
2181 4352 2259 4418 τῷ
2287 4354 2431 4417 οἴκῳ
2470 4351 2752 4422 Ἰσραήλ·
2789 4353 2873 4407 ἵνα
2916 4353 3213 4423 μέλλουσαν
3250 4353 3464 4407 ἐπιέναι

1882 4440 1981 4512 τὴν
2016 4440 2303 4511 συμφορὰν
2356 4440 2740 4513 προμηνύσῃς,
2786 4439 3291 4511 καθάπερ-ἐκεῖνος
3340 4442 3465 4504 τοὺς

1884 4527 2198 4598 πολεμίους.
2234 4528 2345 4581 Καὶ
2372 4528 2642 4598 τιμωρίαν
2673 4528 2729 4581 δὲ
2763 4528 2824 4581 οὑ
2860 4528 3066 4599 μικρὰν
3090 4529 3365 4599 ἐπιτίθησι
3390 4528 3466 4598 τῷ

1888 4615 1964 4686 μὴ
2002 4615 2321 4685 προλέγοντι
2362 4614 2456 4668 τοῦ
2491 4614 2625 4668 Θεοῦ
2664 4614 2765 4685 τὴν
2796 4615 2987 4687 ὀργήν.
3026 4616 3195 4669 Ποίαν
3228 4616 3291 4685 δὴ
3333 4617 3466 4669 ταύ-

1883 4721 2015 4773 την;
2047 4702 2157 4766 Τάς
2199 4702 2377 4772 ψυχὰς
2417 4702 2525 4757 τῶν
2569 4698 2981 4772 ἀπολλυμένων,
3030 4704 3215 4773 φησὶν,
3264 4706 3328 4757 ἐκ
3364 4704 3466 4775 τῆς

1883 4789 2065 4862 χειρός
2096 4806 2189 4842 σου
2222 4790 2529 4859 ἐκζητήσω.
2558 4789 2655 4854 Τίς
2696 4785 2789 4842 οῦν
2826 4788 2999 4853 οὕτως
3042 4790 3192 4861 ώμδς
3225 4792 3317 4844 καὶ
3356 4793 3466 4846 ἀπ·

1884 4878 2169 4948 ἀνθρωπος
2211 4877 2306 4930 καὶ
2345 4876 2676 4947 ἀσυμπαθὴς
2696 4916 2711 4939 ,
2751 4876 2825 4940 ὼς
2855 4869 3111 4945 ἐγκαλεῖν
3142 4877 3221 4947 τῷ
3253 4877 3465 4947 λέγοντι

1885 4966 1980 5019 καὶ
2012 4966 2263 5037 περὶτῆς
2290 4964 2384 5018 τοῦ
2421 4964 2559 5018 Θεοῦ
2592 4965 2961 5035 διαλεγομένῳ
3001 4966 3241 5036 συνεχῶς
3270 4966 3463 5038 ὀργῆς.

1882 5053 2152 5121 τοσαύτην
2175 5052 2395 5105 κόλασιν
2418 5050 2748 5122 ὑφίστασθαι
2781 5051 3051 5123 μέλλοντι,
3071 5055 3119 5106 εἰ
3150 5055 3462 5124 σιγήσειεν;

1885 5141 2007 5193 Ὀτι
2065 5140 2162 5210 μὲν
2208 5134 2300 5193 οῦν
2351 5141 2483 5209 ἡμῖν
2539 5139 2602 5192 οὑ
2654 5141 2927 5212 συμφέρει
2970 5144 3083 5204 τοῖς
3130 5142 3350 5210 λέγουσι
3397 5141 3465 5196 τά

1880 5228 2105 5281 τοιαῦτα
2140 5228 2317 5297 σιγᾷν,
2340 5226 2541 5291 ἱκανῶς
2570 5228 2665 5281 καί
2686 5230 2715 5279 ὁ
2742 5231 3028 5300 προφήτης
3055 5230 3149 5283 καὶ
3173 5231 3203 5282 ό
3226 5229 3463 5283 ἀπόστο-

1880 5317 1971 5379 λος
1992 5319 2140 5387 ἡμᾶς
2171 5317 2514 5387 ἐπαίδευσεν·
2541 5318 2623 5370 ὅτι
2649 5317 2704 5370 δέ
2734 5318 2856 5371 οὑδέ
2887 5320 3015 5389 ὑμῖν
3042 5322 3151 5383 τοῖς
3180 5318 3461 5383 ἀκούουσι,

1879 5403 2037 5474 δῆλον
2070 5403 2300 5480 ἐκεῖθεν.
2334 5405 2395 5456 Εἰ
2431 5404 2527 5475 μὲν
2556 5404 2666 5476 γὰρ
2700 5404 2810 5473 ἐγὼ
2846 5407 3075 5475 σιγήσας
3110 5406 3465 5478 ἀπέκρυπτον

1878 5496 1945 5563 τῇ
1983 5495 2106 5562 σιγῇ
2148 5491 2218 5545 τὰ
2254 5494 2651 5564 ἁμαρτήματα,
2700 5492 2880 5557 καλῶς
2910 5494 3295 5566 ἐδυσχέραινεν
3328 5493 3463 5547 ἐκα-

1879 5596 2006 5642 στος
2045 5579 2137 5632 καὶ
2171 5579 2469 5649 ἠγανάκτει
2495 5580 2716 5643 δικαίως
2738 5620 2751 5642 ,
2788 5580 2863 5651 μὴ
2899 5581 3160 5649 σιγῶντος
3201 5577 3335 5652 ἐμοῦ
3412 5578 3463 5632 εἰ

1877 5666 1933 5719 δὲ
1990 5666 2082 5718 καὶ
2136 5668 2294 5737 ἡμῶν
2340 5666 2619 5735 σιγώντων
2660 5666 2775 5733 νῦν,
2822 5668 3033 5737 ἀνάγκη
3085 5666 3300 5730 πάντως
3346 5664 3462 5719 ἐκεῖ

3070 5818 3147 5882 16
