4082 6464
148 450 235 509 557
1087 427 1222 486 NON
1260 421 1428 481 ESSE
1468 419 1559 477 AD
1597 411 1911 475 GRATIAM
1949 409 2505 470 CONCIONANDUM.

141 563 248 636 quid
276 558 472 631 poterit
506 553 776 611 silentium
804 545 1100 621 prodesse?
1132 544 1243 636 lmo
1273 539 1404 596 nihil
1432 532 1665 636 proderit
1691 573 1704 594 ,

138 627 220 710 sed
246 627 584 718 summopere
621 641 849 699 nocebit.
879 639 1014 695 Nam
1042 638 1086 690 si
1117 633 1333 704 quidem
1361 643 1502 687 nunc
1529 627 1713 699 prolu-

137 758 272 814 quar,
301 739 366 795 ad
394 735 767 810 paenitentiam
796 743 851 789 et
879 729 1042 785 animi
1065 725 1533 814 eompunetionem
1556 719 1716 774 indu-

134 809 238 890 eam
268 849 281 885 :
311 809 408 887 sini
438 839 646 883 taceam
671 866 685 887 .
720 837 863 880 nunc
887 809 1102 892 quidem
1143 831 1332 873 eorum
1360 827 1481 886 quae
1521 825 1714 882 pecea-

135 895 370 986 verimus,
399 934 508 972 non
536 915 938 973 recordabimur
957 955 972 980 ,
999 926 1171 981 neque
1199 906 1566 979 pmoitentiam
1591 916 1717 973 age-

130 1030 271 1078 mus;
298 1019 352 1066 at
391 1011 448 1065 in
478 1010 657 1065 futuro
685 1008 885 1077 saeculo
915 1006 1054 1060 nuda
1099 1011 1154 1059 et
1178 1011 1361 1071 aperta
1401 1013 1513 1070 pra:
1549 995 1718 1052 oculis

129 1104 314 1160 nostris
334 1100 684 1166 intuebimur,
714 1113 779 1154 ac
809 1098 1003 1153 frustra
1030 1105 1084 1150 et
1112 1094 1377 1150 incassum
1403 1086 1720 1144 lamentabi-

127 1209 255 1250 mur.

189 1288 239 1341 5.
279 1284 505 1352 Quando
545 1283 708 1356 igitur
730 1281 948 1338 omnino
977 1293 1198 1335 necesse
1240 1285 1342 1341 est,
1378 1285 1436 1329 ut
1460 1273 1543 1328 vel
1586 1271 1717 1339 illic,

125 1376 203 1431 vel
229 1374 282 1430 in
309 1375 410 1430 hac
435 1374 545 1428 vita
578 1373 650 1428 ob
678 1373 871 1427 delicta
896 1383 1337 1439 compungamur,
1370 1365 1538 1420 satius
1560 1372 1642 1418 est
1664 1370 1721 1416 ut

127 1465 241 1524 illud
270 1464 356 1522 hic
376 1464 580 1533 potius,
610 1471 663 1518 et
688 1478 792 1517 non
823 1461 934 1517 illic
965 1461 1073 1515 fiat.
1105 1459 1256 1516 Unde
1285 1457 1336 1512 id
1364 1453 1616 1512 constat?
1643 1455 1718 1508 Ex

129 1555 446 1628 propheticis
472 1555 676 1622 verbis,
698 1570 763 1610 ex
791 1553 1133 1624 evangelicis.
1161 1551 1297 1606 Nam
1324 1549 1580 1621 propheta
1597 1546 1718 1618 qui-

128 1646 240 1702 dem
276 1647 354 1703 sic
379 1647 456 1701 ait
497 1665 514 1701 ε
548 1645 616 1700 In
665 1645 866 1715 inferno
914 1654 1080 1699 autem
1113 1644 1225 1713 quis
1268 1640 1586 1711 conﬁtebitur
1635 1640 1724 1694 tibi

130 1736 290 1805 (Psal.
343 1737 398 1793 6.
428 1734 537 1808 6)?
587 1750 694 1792 non
724 1734 865 1806 quod
909 1750 1014 1790 non
1041 1735 1394 1790 confiteamur
1413 1773 1427 1796 ,
1456 1731 1552 1787 sed
1578 1730 1722 1801 quod

132 1830 312 1884 frustm
339 1829 468 1885 illud
491 1828 773 1884 faciamus.
804 1827 1051 1883 Christus
1079 1835 1255 1882 autem
1285 1840 1380 1896 per
1413 1823 1721 1895 parabolam

133 1921 224 1977 hoc
248 1921 418 1990 ipsum
447 1920 648 1976 docuit.
677 1920 809 1975 Erat
835 1920 998 1988 enim,
1033 1919 1219 1992 inquit,
1245 1917 1478 1974 Lazarus
1505 1914 1721 1986 quidam

133 2011 395 2066 mendicus
449 2009 690 2081 undique
743 2010 1010 2066 ulceribus
1055 2010 1246 2080 plenus
1287 2008 1437 2079 (Luc.
1495 2007 1584 2063 16.
1628 2006 1717 2062 19.

131 2103 298 2174 sqq.),
347 2102 728 2158 immedicabili
778 2102 970 2158 morbo
1019 2102 1312 2158 labamus:
1358 2101 1494 2156 alter
1543 2107 1720 2154 autem

131 2193 333 2266 quidam
358 2195 512 2249 dives
530 2193 938 2264 pauperimicas
967 2209 1076 2249 non
1104 2193 1464 2264 impertiebat.
1499 2193 1564 2247 Et
1591 2192 1720 2263 quid

132 2299 254 2355 opus
283 2295 367 2340 est
395 2285 710 2355 parabolam
735 2293 902 2340 totam
930 2285 1284 2356 percurrere?
1329 2286 1526 2354 quippe
1554 2283 1722 2338 nostis

135 2375 413 2449 historiam
444 2390 686 2442 omnem,
744 2375 1113 2432 crudelitatem
1153 2375 1351 2438 divitis,
1411 2390 1519 2444 quo
1569 2384 1725 2445 pacto

133 2465 424 2520 mendicum
458 2467 768 2536 participem
799 2481 999 2521 mensa:
1036 2481 1141 2519 non
1170 2464 1404 2530 faceret;
1432 2474 1723 2535 egestatem

133 2557 262 2612 illius
282 2571 344 2612 ac
374 2555 598 2624 famem,
632 2572 734 2626 qua
759 2567 1018 2626 perpetuo
1046 2557 1469 2611 conﬂictabatur.
1517 2559 1584 2610 At
1609 2555 1726 2610 hme

135 2648 181 2700 in
212 2650 306 2702 hac
340 2648 447 2701 vita
503 2666 517 2702 :
558 2659 839 2716 postquam
870 2658 1048 2703 autem
1086 2657 1326 2703 mortuus
1365 2655 1448 2702 est
1479 2657 1720 2718 uterque,

135 2741 268 2795 videt
295 2741 446 2793 illum
475 2740 782 2795 mendicum
815 2740 867 2793 in
892 2741 1013 2795 sinu
1041 2740 1269 2794 Ahrahu:
1302 2740 1472 2794 dives.
1507 2741 1571 2793 Et
1598 2740 1723 2810 quid

130 2833 234 2885 ait?
262 2832 424 2887 Pater
453 2834 732 2898 Abraham,
766 2835 902 2888 mitte
942 2835 1108 2899 illum,
1151 2844 1205 2888 ut
1249 2834 1456 2890 instillet
1503 2845 1726 2888 extremo

132 2922 270 2990 digiti
297 2923 378 2976 sui
404 2923 460 2976 in
481 2923 707 2994 linguam
727 2940 913 2988 meam,
940 2934 994 2978 ut
1014 2925 1319 2994 requiescam
1348 2942 1380 2978 a
1407 2925 1583 2979 dolore
1614 2924 1720 2994 (Ib.

132 3028 176 3063 ν.
207 3012 331 3084 24).
371 3013 537 3069 Vides
563 3015 1010 3072 retributionem?
1039 3032 1144 3072 non
1190 3017 1443 3087 impertiit
1482 3019 1580 3089 ipsi
1619 3019 1726 3073 mi-

135 3119 239 3170 cas,
271 3107 426 3162 unius
453 3123 604 3178 aqua:
632 3120 797 3178 gutta:
823 3126 929 3165 non
960 3111 1018 3165 fit
1045 3113 1330 3182 particeps.
1360 3111 1428 3165 1η
1453 3129 1553 3184 qua
1592 3115 1727 3170 enim

136 3213 383 3265 mensura,
409 3199 601 3269 inquit,
628 3201 788 3255 mensi
805 3203 1020 3272 fueritis,
1049 3205 1335 3258 remetietur
1363 3203 1500 3258 vobis
1527 3204 1725 3275 (Marc.

137 3289 186 3342 1.
225 3289 353 3361 24).
400 3289 541 3358 Quid
592 3307 722 3363 ergo
767 3293 1077 3349 Abraham?
1132 3294 1260 3362 Fili,
1309 3297 1542 3366 recepisti
1592 3297 1727 3351 bona

138 3389 237 3445 tua,
267 3393 313 3434 et
347 3381 579 3438 Lazarus
608 3385 743 3438 mala
765 3401 785 3439 :
811 3395 858 3441 et
886 3403 1021 3441 nunc
1053 3380 1135 3441 hic
1171 3388 1374 3458 quidem
1421 3388 1502 3442 hic
1544 3405 1728 3444 conso-

136 3473 283 3542 latur,
310 3488 362 3529 tu
388 3493 508 3531 vero
535 3479 780 3535 cruciaris
805 3479 961 3551 ‘(Luc.
991 3481 1076 3536 16.
1106 3482 1176 3538 25
1193 3481 1233 3553 ).
1259 3483 1364 3538 Sed
1392 3483 1531 3555 quod
1567 3494 1651 3540 est
1677 3484 1727 3538 in

136 3568 424 3634 quzcstione
453 3570 721 3638 positum,
767 3572 887 3627 illos
937 3573 1188 3628 nimirum
1215 3573 1283 3629 ob
1324 3583 1540 3644 peccata
1585 3590 1732 3630 com-

131 3659 292 3732 pungi
323 3670 380 3714 et
408 3663 670 3727 converti,
700 3678 764 3719 ac
812 3665 984 3733 poenis
1026 3664 1284 3736 gehean
1315 3668 1430 3723 fieri
1459 3669 1726 3734 meliores,

138 3751 262 3806 nihil
283 3761 459 3808 tamen
484 3754 584 3809 hoc
607 3757 709 3811 illis
728 3758 1032 3833 adlevanda
1048 3759 1273 3815 flamma:
1293 3770 1552 3818 tormenta
1574 3763 1732 3832 prod-

139 3857 283 3909 esse,
308 3861 427 3912 qua:
455 3858 750 3917 sequuntur
778 3849 1104 3915 ostendunt;
1137 3850 1293 3906 Pater
1317 3855 1459 3908 enim
1480 3895 1494 3920 ,
1527 3856 1727 3926 inquit,

140 3938 270 3990 mitte
297 3939 443 3994 illum
471 3943 522 3994 in
547 3942 750 3996 domum
781 3961 942 3998 meam
966 3987 982 4013 ,
1013 3957 1068 4000 ut
1096 3950 1321 4019 cognatis
1349 3952 1470 4003 uicis
1503 3945 1728 4018 testatur,

137 4037 182 4079 et
217 4045 317 4083 non
367 4033 566 4086 veniant
595 4035 647 4088 in
688 4035 820 4089 Imuc
856 4037 1022 4091 locum
1049 4039 1209 4110 (Ibid.
1243 4057 1288 4095 υ.
1315 4043 1406 4096 27.
1449 4042 1570 4114 28).
1598 4043 1730 4098 Cum

138 4117 451 4177 beneficium
491 4124 602 4193 ipse
647 4143 750 4181 non
782 4130 1121 4200 obtinuisset,
1153 4133 1377 4188 aliorum
1423 4144 1603 4202 postea
1644 4150 1729 4189 sa—

138 4210 296 4266 lutetu
331 4226 603 4281 procurat.
637 4217 825 4273 Vidisti
852 4237 958 4290 quo
984 4208 1140 4293 pacto
1165 4225 1398 4280 crudelis
1432 4237 1589 4281 antea
1619 4226 1732 4281 fue-

139 4303 224 4368 rit,
253 4320 361 4374 quo
385 4317 538 4374 pacto
566 4309 760 4366 deinde
788 4312 1049 4384 benignus
1075 4318 1337 4371 evaserit?
1355 4317 1611 4373 Lazarum
1639 4336 1734 4374 an-

143 4405 188 4448 te
240 4398 427 4470 oculos
467 4399 733 4468 jacentem
781 4406 1085 4472 praeteribat
1116 4448 1130 4471 ,
1176 4408 1301 4462 dum
1340 4411 1579 4473 viveret;
1620 4412 1731 4480 jam

140 4501 262 4542 vero
311 4493 474 4556 etiam
515 4493 812 4549 absentium
850 4509 1194 4568 cognatorum
1232 4517 1415 4556 curam
1460 4503 1596 4571 gerit
1628 4522 1640 4557 :
1670 4520 1734 4560 ac

142 4593 245 4639 tum
282 4587 498 4656 quidem
522 4630 535 4652 ,
566 4589 690 4644 dum
722 4594 912 4661 opibus
940 4597 1336 4652 circumflueret
1357 4641 1373 4666 ,
1415 4600 1479 4654 ad
1512 4601 1733 4655 misera-

141 4675 239 4730 bile
257 4678 486 4733 mendici
508 4684 865 4749 spectaculum
893 4701 999 4740 non
1022 4687 1389 4744 inflectcbatur
1411 4707 1424 4755 ;
1450 4691 1558 4760 jam
1582 4707 1727 4758 vero,

140 4766 260 4821 dum
291 4770 344 4824 in
371 4769 648 4826 doloribus
692 4789 755 4830 ac
795 4780 1202 4834 necessitatibus
1238 4792 1481 4837 versatur
1512 4784 1736 4838 inevita-

142 4857 351 4928 bilibns,
384 4863 454 4917 de
476 4867 786 4946 propinquis
821 4870 933 4925 suis
958 4880 1041 4925 est
1066 4873 1343 4939 sollicitus,
1385 4890 1448 4930 ac
1486 4877 1620 4930 mitti
1650 4891 1736 4930 ro-

141 4955 332 5022 gatqui
360 4956 476 5010 lucc
505 4956 606 5011 illis
649 4963 946 5016 annuntiet.
981 4962 1143 5019 Vides
1168 4974 1226 5019 ut
1251 4967 1511 5037 benignus
1537 4977 1590 5022 ct
1626 4968 1737 5023 ele-

143 5058 285 5099 meus
315 5050 547 5102 evaserit
575 5058 630 5105 et
656 5051 1000 5108 miscricbrs?

212 5137 518 5194 Pmnitcntia
536 5159 634 5196 non
663 5146 864 5212 prodest
892 5158 1003 5217 post
1024 5158 1254 5202 mortem.
1285 5180 1356 5190 —
1378 5151 1516 5219 Quid
1541 5153 1736 5222 igitur?

145 5233 393 5302 numquid
425 5233 715 5303 illiprofuit
749 5241 1096 5305 paenitentia?
1122 5258 1248 5296 num
1275 5244 1472 5313 aliquid
1506 5245 1637 5299 lucri
1669 5263 1733 5299 ex

145 5322 226 5375 illa
280 5327 693 5394 compunctione
728 5331 978 5400 collegit?
1029 5333 1169 5387 Nihil
1215 5336 1434 5388 omnino
1481 5353 1494 5388 :
1541 5336 1736 5406 quippe

144 5415 278 5482 quod
337 5417 712 5487 intempestiva
758 5430 902 5477 esset
953 5425 1282 5492 pmxiitentia.
1333 5426 1576 5482 Solutum
1619 5436 1735 5482 erat

154 5503 437 5571 theatrum,
465 5506 705 5558 sublatus
735 5505 881 5559 locus
912 5510 1244 5573 certaminis,
1267 5526 1370 5564 non
1401 5511 1630 5581 amplius
1660 5512 1742 5566 lu-

153 5605 353 5650 ctarum
387 5607 593 5666 tempus
623 5598 740 5651 fuit.
776 5599 1060 5668 Propterea
1094 5617 1308 5669 moneo,
1339 5617 1530 5672 precor
1561 5616 1615 5658 et
1643 5606 1743 5659 oh-

149 5693 319 5749 seerO,
353 5686 438 5740 hic
484 5688 765 5742 lamentari
794 5700 1025 5758 oportet,
1060 5705 1121 5744 ac
1153 5702 1375 5762 propter
1415 5706 1630 5760 peccata
1661 5694 1738 5748 lu-

153 5790 271 5844 gere
321 5777 416 5831 llic
450 5793 548 5833 nos
580 5782 740 5834 verba
769 5783 1110 5848 contristent,
1148 5798 1212 5836 ne
1243 5798 1340 5838 nos
1385 5785 1488 5838 illis
1516 5801 1604 5839 res
1635 5796 1742 5840 ter-

157 5869 444 5925 I'eantzhie
488 5885 587 5925 nos
637 5881 840 5942 pungat
885 5874 1076 5936 oratio,
1123 5891 1189 5930 uc
1233 5891 1331 5932 nos
1382 5877 1490 5932 illic
1543 5879 1740 5934 vermis

3321 406 3424 463 (‘58

1828 538 2027 600 pungat
2055 538 2346 586 venenatus
2393 547 2405 583 :
2434 529 2522 585 hic
2553 543 2650 585 nos
2679 541 2811 605 urat.
2839 529 3206 602 reprehensio,
3236 545 3305 587 ne
3333 545 3430 590 nos

1830 622 2076 690 gehenna
2107 621 2245 690 ignis
2277 621 2386 677 illic
2423 630 2560 676 urat.
2587 622 2693 677 Eos
2719 621 2808 692 qui
2841 621 2927 677 hic
2957 622 3160 693 lugent.
3199 636 3427 678 consen-

1833 724 2046 767 taneum
2076 723 2160 768 est
2183 713 2291 768 illic
2318 713 2584 770 consolari
2618 732 2631 768 :
2661 728 2756 769 eos
2788 715 2878 785 qui
2908 714 2996 770 hic
3021 715 3076 770 in
3101 714 3308 770 deliciis
3334 714 3426 771 de-

1830 812 1963 874 gunt
1988 813 2042 859 et
2069 803 2266 868 rident,
2296 819 2397 860 nec
2422 804 2530 860 ullo
2568 814 2790 877 propter
2817 805 3049 861 admissa
3081 817 3296 876 peccata
3325 805 3426 862 do-

1829 897 1944 951 lore
1983 904 2292 967 tanguntur,
2347 897 2507 967 plane
2551 897 2663 952 illic
2707 897 2890 970 lugere
2931 912 2994 953 ac
3041 898 3318 953 lamentari
3373 909 3436 953 ac

1829 989 2082 1046 frendere
2129 991 2381 1046 dentibus
2423 999 2508 1046 est
2548 1005 2788 1047 necesse.
2822 990 2936 1046 Non
2987 1007 3106 1046 mea
3155 1001 3284 1045 sunt
3311 991 3432 1046 huic

1828 1082 2010 1146 verba,
2043 1081 2138 1145 sed
2182 1081 2370 1150 ipsius,
2399 1082 2489 1152 qui
2531 1081 2790 1152 judicium
2820 1083 2872 1136 in
2905 1097 3004 1138 nos
3030 1091 3140 1136 tum
3171 1081 3432 1152 temporis

1827 1174 2102 1230 exercebit
2159 1193 2173 1229 :
2220 1173 2366 1228 Beati
2406 1175 2621 1246 quippe,
2657 1173 2846 1243 inquit,
2881 1174 2937 1235 ii,
2966 1174 3052 1243 qui
3081 1174 3273 1245 lugent,
3303 1189 3433 1244 quo-

1827 1265 1966 1318 niam
2003 1265 2102 1335 ipsi
2128 1266 2754 1338 consolabuntur(Mattlt.
2802 1267 2855 1321 5.
2885 1264 2980 1337 5).
3022 1264 3111 1320 Vae
3150 1265 3308 1331 nobis,
3337 1267 3428 1334 qui

1825 1355 2022 1422 ridetis,
2049 1357 2167 1424 quia
2192 1356 2375 1425 ﬂebitis
2405 1355 2563 1427 (Luc.
2595 1355 2647 1411 6.
2684 1353 2812 1428 9.5).
2847 1355 3058 1424 Quanto
3085 1355 3246 1435 igitur
3272 1356 3437 1412 satius

1826 1456 1912 1504 est
1939 1449 2317 1519 temporariam
2345 1451 2810 1520 eompunetionem
2833 1461 2886 1506 et
2907 1451 3109 1505 luctum
3129 1465 3251 1506 cum
3277 1459 3440 1506 teter-

1831 1541 1914 1595 nis
1940 1540 2095 1596 bonis
2122 1549 2175 1595 et
2203 1542 2473 1612 voluptate
2525 1558 2646 1613 quae
2675 1543 2834 1597 finem
2865 1557 2972 1597 non
3024 1541 3241 1610 habeat,
3285 1555 3438 1596 com-

1831 1640 2060 1698 mutare,
2101 1648 2260 1703 quam
2303 1634 2468 1698 brevi
2502 1634 2601 1689 hac
2625 1644 2678 1689 et
2719 1634 3041 1713 temporaria
3066 1635 3173 1689 vita
3217 1633 3442 1690 ridendo

1831 1733 2123 1788 transacta,
2148 1725 2276 1780 illuc
2301 1725 2450 1780 abire
2481 1727 2767 1783 immortali
2791 1728 3057 1798 supplicio
3083 1727 3397 1798 plectendos
3418 1729 3440 1780 t

1829 1814 1901 1868 At
1923 1815 2305 1870 verecundaris
2331 1824 2385 1870 et
2410 1817 2684 1872 erubescis
2716 1819 3001 1874 enuntiare
3019 1820 3273 1889 peccata?
3297 1818 3443 1874 Sane

1829 1910 2044 1980 quidem
2063 1912 2105 1965 si
2123 1925 2304 1966 coram
2335 1912 2640 1968 hominibus
2662 1929 2724 1968 ea
2756 1913 2981 1969 dicenda
3012 1921 3196 1968 essent
3221 1925 3276 1968 et
3299 1913 3444 1970 evul-

1828 2001 2000 2072 ganda
2022 2018 2036 2068 ;
2059 2017 2163 2057 non
2198 2012 2374 2062 tamen
2403 2005 2473 2058 ita
2503 2004 2706 2074 pudere
2729 2013 2780 2061 te
2805 2007 3070 2077 Oportuit:
3097 2006 3268 2076 pudor
3297 2005 3442 2060 enim

1828 2102 1912 2150 est
1932 2104 1987 2150 et
2004 2081 2290 2165 ignominia
2303 2099 2552 2166 peccare,
2576 2111 2680 2152 non
2698 2112 2818 2168 quae
2837 2099 3141 2168 peccaveris
3157 2098 3398 2155 confiteri
3425 2116 3441 2162 ;

1825 2185 1936 2254 jam
1965 2200 2092 2241 vero
2127 2202 2302 2257 neque
2330 2187 2691 2243 necessarium
2717 2198 2801 2243 est
2835 2189 3060 2243 testibus
3082 2189 3438 2258 praesentibus

1831 2277 2095 2332 confiteri.
2125 2277 2280 2356 Apud
2305 2279 2648 2335 cunscientia:
2674 2280 2914 2336 rationes
2942 2280 3026 2334 ﬁat
3049 2280 3322 2351 inquisitio
3342 2281 3441 2336 de-

1831 2367 2078 2423 lictorum
2111 2387 2124 2423 :
2157 2369 2274 2425 sine
2305 2371 2536 2426 testibus
2567 2371 2636 2428 sit
2668 2371 2930 2441 judicium
2957 2414 2972 2438 ,
3003 2374 3144 2429 Deus
3188 2382 3239 2428 te
3274 2373 3442 2429 confi-

1831 2466 2031 2513 tentem
2063 2461 2209 2516 solus
2230 2460 2432 2528 audiat,
2461 2462 2601 2517 Deus
2629 2463 2717 2533 qui
2745 2472 2965 2532 peccata
2997 2479 3102 2520 non
3125 2464 3434 2534 exprobrat,

1830 2551 1927 2606 sed
1976 2552 2314 2609 confessione
2359 2562 2574 2625 peccata
2626 2556 2788 2612 delet.
2838 2559 2909 2612 At
2939 2557 3040 2614 hoc
3087 2568 3242 2629 pacto
3280 2560 3442 2617 etiam

1834 2642 2104 2712 pigritaris
2128 2659 2190 2698 ac
2232 2645 2541 2701 detrectas?
2587 2645 2712 2703 Scio
2755 2649 3002 2717 equidem
3057 2650 3442 2708 conscientiam

1832 2749 2049 2789 suorum
2083 2736 2400 2792 delictorum
2445 2742 2756 2795 memoriam
2790 2744 3010 2798 minimc
3041 2743 3198 2799 ferre.
3229 2743 3362 2800 Nam
3396 2746 3443 2802 si

1834 2834 2038 2882 tantum
2069 2830 2256 2884 subeat
2276 2831 2512 2886 animum
2540 2848 2726 2888 eorum
2751 2850 2870 2904 qum
2897 2835 3218 2906 deliquimus
3245 2852 3434 2894 recor—

1833 2920 1982 2976 datio
2009 2963 2023 2984 ,
2058 2930 2328 2993 tamquam
2357 2926 2532 2990 pullus
2558 2926 2771 2996 quidam
2802 2928 3094 2984 indomitus
3132 2945 3196 2985 ac
3221 2930 3437 2988 frenatu

1833 3013 2072 3068 difficilis
2098 3031 2249 3072 mens
2271 3018 2461 3074 resilit.
2490 3019 2596 3075 Sed
2626 3030 2680 3074 tu
2704 3035 2895 3076 coerce
2934 3023 3076 3078 illam
3107 3038 3172 3080 ac
3200 3023 3437 3090 refrena,

1833 3104 2078 3163 demulce
2107 3123 2266 3163 manu
2291 3151 2307 3178 ,
2345 3111 2580 3167 cicurem
2645 3113 2787 3168 illam
2834 3113 3019 3181 redde,
3045 3116 3307 3185 persuade
3326 3115 3442 3173 fore

1834 3207 1912 3265 ut,
1938 3199 2038 3254 nisi
2078 3215 2222 3256 nune
2247 3202 2569 3257 confiteatur
2588 3245 2602 3268 ,
2634 3205 2745 3259 illic
2764 3204 3082 3260 confiteatur
3102 3246 3118 3271 ,
3153 3207 3243 3262 ubi
3262 3207 3438 3278 major

1834 3304 2013 3359 pmua,
2050 3291 2137 3345 ubi
2168 3291 2460 3347 dilfamatio
2488 3295 2676 3364 major.
2704 3294 2801 3352 Hic
2829 3295 3093 3370 judicium
3124 3297 3182 3351 fit
3206 3297 3323 3353 sine
3353 3307 3436 3354 te-

1834 3382 2025 3449 stibus,
2052 3397 2115 3438 ac
2143 3391 2197 3438 tu
2225 3384 2339 3454 ipse
2358 3385 2408 3439 in
2428 3395 2478 3440 te
2502 3383 2764 3455 judicium
2785 3401 3029 3456 exerces,
3053 3389 3142 3457 qui
3167 3390 3435 3457 peccasti;

1835 3483 1890 3528 at
1919 3475 2028 3530 illic
2053 3476 2104 3529 in
2128 3477 2360 3532 medium
2383 3477 2530 3532 orbis
2550 3485 2816 3533 terrarum
2843 3488 3032 3535 cuncta
3055 3479 3437 3550 producentur,

1837 3569 1938 3623 nisi
1967 3568 2112 3638 prius
2135 3569 2220 3625 hic
2242 3570 2439 3625 fuerint
2458 3586 2488 3625 a
2511 3572 2666 3628 nobis
2695 3571 2888 3628 deleta.
2911 3572 3198 3629 Erubescis
3220 3583 3439 3644 peccata

1836 3661 2079 3717 confiteri
2104 3662 2402 3719 ?erubesce
2420 3673 2640 3734 peccata
2660 3665 3018 3720 committere.
3041 3664 3151 3720 Nos
3169 3681 3300 3721 vero
3315 3667 3442 3721 dum

1837 3752 1924 3806 illa
1967 3753 2352 3809 committimus
2377 3796 2390 3819 ,
2421 3764 2625 3810 temere
2648 3764 2704 3810 et
2731 3755 3069 3825 impudenter
3107 3770 3170 3812 ea
3201 3758 3444 3828 aggredi-

1838 3858 1990 3910 mur;
2022 3858 2144 3900 cum
2176 3853 2353 3900 autem
2384 3860 2446 3900 ea
2473 3843 2669 3900 fuerint
2705 3847 3005 3901 confitenda
3031 3889 3045 3910 ,
3076 3857 3186 3901 tum
3219 3862 3315 3903 nos
3344 3865 3442 3918 pu-

1837 3935 1929 3989 det
1947 3936 2213 4007 pigetque,
2243 3951 2363 3992 cum
2393 3938 2445 3992 id
2480 3937 2730 3993 alacriter
2757 3953 2788 3992 a
2821 3939 2975 3994 nobis
3003 3939 3116 3993 fieri
3148 3948 3443 4009 oporteret.

1837 4029 1952 4084 Non
1994 4032 2137 4086 enim
2181 4031 2595 4103 ignominiosum
2635 4045 2719 4089 est
2769 4034 3014 4090 incusare
3060 4046 3300 4105 peccata,
3349 4037 3442 4092 sed

1834 4125 2037 4194 justitia
2087 4135 2142 4180 et
2189 4127 2403 4181 virtus:
2451 4127 2552 4182 nisi
2575 4127 2777 4198 justitia
2811 4139 2956 4184 esset
2999 4143 3062 4184 ac
3091 4130 3282 4195 virtus,
3334 4148 3441 4187 non

1842 4220 2205 4288 proposuisset
2241 4220 2314 4275 illi
2341 4222 2644 4277 mercedem
2681 4223 2838 4278 Deus.
2879 4221 3010 4278 Nam
3048 4225 3444 4280 confessionem

1841 4314 2084 4370 obtinere
2127 4316 2450 4384 mercedem,
2480 4319 2603 4373 audi
2631 4319 2824 4388 quibus
2852 4319 3029 4374 verbis
3058 4320 3336 4390 Scriptura
3367 4331 3440 4376 tc-

1840 4417 2013 4463 statur
2043 4428 2055 4463 :
2080 4409 2176 4463 Dic
2219 4421 2274 4464 tu
2315 4411 2603 4482 iniquitates
2626 4423 2738 4466 tuas
2789 4414 3012 4483 primus,
3047 4423 3101 4468 ut
3144 4414 3448 4485 justiﬁceris

1842 4501 1994 4567 (fsai.
2029 4503 2117 4557 45.
2155 4501 2225 4558 95
2252 4506 2288 4571 ).
2327 4504 2498 4571 Quem
2533 4506 2744 4561 tandem
2779 4507 2994 4575 pudebit
3040 4507 3182 4562 illius
3235 4508 3434 4576 eperis,

1840 4609 1946 4660 quo
1972 4592 2026 4647 fit
2053 4595 2265 4662 justus?
2291 4612 2451 4665 quem
2477 4598 2716 4652 confiteri
2747 4608 2960 4668 peccata
2995 4599 3208 4668 pudeat,
3241 4607 3296 4652 ut
3323 4615 3446 4668 pec.

1842 4698 1957 4740 cita
1981 4688 2187 4741 Solvat?
2208 4688 2342 4742 Num
2374 4691 2516 4745 enim
2541 4689 2741 4745 idcirco
2760 4701 2971 4760 peccata
2999 4691 3149 4761 jubet
3173 4692 3441 4756 confiteri,

1844 4787 1900 4832 ut
1928 4781 2152 4849 puniat?
2179 4783 2286 4837 imo
2316 4793 2369 4836 ut
2397 4783 2649 4837 dimittat.

1916 4877 1968 4930 4.
2019 4877 2148 4932 Nam
2193 4880 2243 4933 in
2272 4878 2508 4933 externis
2535 4877 2745 4946 quidem
2776 4877 3134 4931 tribunalibus
3163 4885 3279 4946 post
3309 4891 3436 4931 con-

1846 4970 2134 5025 fessionem
2163 4972 2403 5039 sequitur
2454 4986 2628 5040 pocua.
2673 4970 2962 5041 Propterea
3008 4971 3243 5040 psalmus
3286 4970 3446 5025 etiam

1845 5062 1946 5118 hoc
1997 5065 2168 5132 ipsum
2214 5065 2569 5119 reformidans
2595 5106 2609 5132 ,
2642 5081 2710 5120 ne
2752 5064 2872 5134 quis
2911 5074 3057 5119 metu
3100 5079 3292 5133 patum,
3325 5080 3444 5134 (μω

1843 5157 2241 5213 confessionem
2289 5168 2561 5227 sequatur,
2602 5167 2818 5228 peccata
2847 5157 3166 5229 denegaret,
3195 5157 3288 5222 ait,
3315 5158 3445 5211 (Ζωισ

1844 5249 2058 5317 ﬁtemiui
2079 5249 2318 5314 Domino,
2351 5253 2589 5317 quoniam
2619 5251 2811 5313 bonus;
2841 5253 3080 5320 quoniam
3120 5250 3172 5302 iu
3205 5249 3450 5304 amulum

1845 5343 2190 5397 misericordia
2215 5345 2323 5414 ejus
2368 5342 2538 5414 (Psal.
2571 5342 2694 5398 l05.
2728 5343 2806 5411 1).
2840 5341 2976 5395 Num
3018 5342 3161 5396 enim
3208 5351 3293 5394 tua
3326 5355 3448 5410 pec-

1843 5444 1958 5488 cata
1989 5433 2180 5500 nescit,
2227 5435 2328 5489 nisi
2371 5444 2424 5488 tu
2470 5435 2748 5488 confessus
2793 5432 2998 5487 fueris?
3028 5432 3166 5501 Quid
3189 5447 3317 5502 ergo
3348 5431 3442 5485 tibi

1845 5528 2063 5598 prodest
2093 5530 2134 5584 si
2161 5528 2380 5583 minime
2405 5527 2728 5582 confiteare?
2759 5543 2886 5581 num
2904 5527 3045 5580 enim
3071 5535 3220 5596 potes
3243 5525 3450 5580 latere?

1844 5621 2099 5687 Quamvis
2131 5637 2234 5674 non
2266 5620 2486 5684 dixeris,
2522 5620 2611 5674 ille
2642 5621 2787 5673 novit
2825 5637 2837 5673 :
2882 5619 3023 5689 quod
3053 5621 3094 5673 si
3127 5628 3179 5673 tu
3223 5619 3446 5684 dixeris,

1848 5717 1935 5770 ille
1975 5715 2322 5770 obliviscitur.
2369 5712 2503 5768 Ecce
2546 5714 2687 5768 enim
2720 5730 2811 5781 ego
2853 5730 2965 5767 sum
3007 5712 3166 5776 Deus,
3193 5713 3280 5781 qui
3307 5711 3449 5764 deleo

1843 5811 2130 5878 iniquitates
2175 5819 2304 5872 tuas,
2346 5818 2393 5860 et
2433 5823 2532 5860 non
2558 5805 2862 5860 recordabar
2894 5802 3045 5875 (lsai.
3073 5804 3160 5859 ΔΞ.
3193 5801 3322 5870 9.5).
3358 5801 3446 5854 \‘i-

1849 5904 1982 5959 des?
2013 5901 2127 5955 Non
2151 5898 2495 5964 recordahor,
2527 5899 2691 5969 inquit
2717 5912 2730 5961 ;
2767 5907 2848 5952 est
2873 5898 3015 5951 enim
3063 5896 3163 5951 hoc
3203 5896 3445 5950 elemenc
