4082 6438
672 345 741 398 πο
1381 340 1439 395 S.
1478 338 1753 397 JO.\NNlS
1791 338 2260 397 CHRYSOSTOAII
2303 339 2617 399 ARCllll-IP.
2659 344 3181 403 CUNSTANTlNUP.

639 470 759 513 uae:
789 469 841 514 at
869 468 922 513 tu
944 456 1246 521 recordare,
1299 464 1353 508 ut
1383 455 1739 523 castigationis
1768 464 1948 525 captes
1983 454 2220 508 occasiu-

638 565 780 606 ncm.
815 550 937 603 llaec
965 563 1083 602 cum
1105 547 1359 602 ahdiissct
1383 545 1594 610 Paulus,
1622 555 1976 616 peccatorum.
1999 559 2219 614 quorum

640 655 746 694 non
784 638 1161 693 recordabatur
1191 638 1351 702 Dens,
1384 646 1642 707 perpetuo
1671 635 2068 701 recordabatur,
2099 650 2219 690 cum

639 729 709 783 ita
733 728 934 782 diceret
965 744 978 783 :
1009 727 1130 781 Non
1178 744 1290 781 sum
1337 728 1518 796 dignus
1560 727 1728 780 vocari
1777 725 2053 796 apostolus,
2106 741 2223 795 quo-

639 820 776 873 niam
816 829 1142 889 persequutus
1166 835 1278 872 sum
1306 817 1583 871 Ecclesium
1618 816 1711 871 Dei
1737 817 1812 886 (1.
1844 814 1960 871 Cor.
1993 816 2079 870 15.
2120 814 2175 885 9)
2205 833 2219 870 :

634 919 709 972 et,
734 909 969 964 Christus
1012 910 1140 964 venit
1172 910 1224 962 in
1249 909 1490 961 mundum
1535 918 1817 977 peceatores
1843 907 2007 961 salvos
2034 911 2240 977 facere,_

635 1019 851 1071 quorum
892 1004 1081 1069 primus
1107 1018 1196 1072 ego
1232 1017 1343 1055 sum
1376 1001 1451 1070 (l.
1494 999 1626 1054 Tim.
1662 1001 1710 1054 1.
1762 999 1884 1070 15).
1929 999 2042 1053 Non
2069 998 2220 1061 dixit,

639 1089 821 1159 Eram,
841 1091 956 1159 sed,
977 1091 1123 1146 Sum.
1149 1091 1306 1145 Facta
1329 1101 1439 1145 erat
1470 1090 1712 1144 remissio
1732 1098 2065 1160 peccatorum
2085 1086 2222 1156 apud

640 1183 825 1247 Deum,
854 1190 909 1236 et
935 1181 1073 1251 apud
1101 1181 1320 1236 Paulum
1346 1191 1683 1249 peccatorum
1715 1181 1967 1235 memoria
1996 1195 2099 1232 non
2118 1178 2214 1232 de-

637 1275 877 1338 lebatur;
907 1289 1026 1344 qna:
1067 1273 1323 1327 Dominus
1349 1274 1646 1335 deleverat,
1679 1271 1797 1326 hare
1835 1271 1947 1339 ips’e
1985 1269 2227 1339 divulga-

635 1363 744 1420 ltat.
794 1363 1030 1434 Audistis
1081 1362 1222 1417 enim
1269 1362 1581 1431 prOphetam
1633 1360 1899 1415 dicentem
1945 1377 1956 1414 :
2016 1358 2077 1413 Et
2125 1376 2226 1412 non

635 1453 940 1509 recordabar
970 1452 1119 1523 (lsai.
1144 1454 1213 1507 43
1240 1453 1258 1523 )
1288 1470 1300 1505 :
1330 1464 1382 1506 at
1409 1460 1463 1506 tu
1487 1451 1791 1505 recordare.
1820 1451 1958 1506 Deus
1991 1465 2081 1504 vas
2111 1450 2221 1504 ele-

642 1544 836 1599 ctionis
866 1544 1039 1613 ipsum
1064 1554 1214 1599 vocat
1240 1544 1384 1613 (Act.
1427 1542 1477 1597 9.
1520 1543 1642 1611 15),
1670 1552 1722 1597 et
1758 1542 1858 1596 iste
1886 1556 1945 1596 se
1986 1549 2229 1610 peccato-

640 1640 757 1692 rum
792 1637 1017 1707 primunt
1046 1645 1218 1691 vocat.
1253 1636 1404 1702 Quod
1455 1637 1498 1689 si
1531 1626 1868 1704 peccatorum
1898 1648 2003 1687 non
2033 1632 2226 1687 oblivi-

638 1728 906 1793 scebatur,
933 1728 1103 1798 cogita
1130 1743 1237 1798 quo
1264 1738 1416 1799 pacto
1446 1727 1538 1781 Dei
1571 1726 1948 1782 beneliciorum
1984 1723 2232 1779 recorda—

638 1826 806 1873 retur.
839 1819 974 1887 Quid
1005 1834 1105 1890 ego
1142 1819 1263 1874 dico
1301 1819 1608 1873 memoriam
1645 1826 1980 1887 peccatorum
2016 1816 2231 1870 minime

641 1909 839 1979 probro
867 1909 1118 1966 afﬁcere?
1146 1926 1252 1965 non
1285 1911 1353 1964 ita
1395 1924 1491 1964 uos
1518 1910 1772 1973 memoria
1800 1918 1944 1963 recte
1974 1908 2231 1963 factorum

644 2002 820 2057 reddit
863 2004 1112 2072 illustres,
1163 2013 1220 2058 ut
1260 2005 1512 2058 meritoria
1548 2012 1883 2071 peccatorum
1915 2020 1928 2055 :
1974 2002 2080 2055 into
2106 2016 2235 2055 vero

644 2111 750 2151 non
779 2095 938 2152 modo
966 2112 1072 2152 non
1104 2096 1275 2151 reddit
1318 2097 1551 2150 illustres
1581 2096 1833 2149 memoria
1886 2104 2029 2149 recte
2072 2094 2237 2147 facto-

644 2201 783 2253 rum,
813 2188 907 2242 sed
954 2188 1113 2242 etiam
1166 2187 1452 2266 opprobrio
1491 2186 1655 2240 aflicit
1704 2194 1757 2240 et
1794 2185 2146 2249 condemnat;
2182 2192 2237 2237 at

645 2286 986 2346 peccatorum
1029 2278 1283 2334 memoria
1339 2276 1526 2331 fidneta
1574 2292 1671 2330 nos
1709 2291 1771 2331 ac
1809 2276 2013 2344 justitia
2068 2274 2233 2328 multa

646 2367 898 2430 cumulat.
952 2368 1081 2436 Quis
1108 2368 1210 2422 hoc
1236 2366 1407 2421 dicit?
1456 2366 1754 2421 Phariszcus
1800 2374 1853 2419 et
1900 2363 2234 2434 publicanus.

645 2459 778 2514 Nam
812 2460 896 2513 hie
920 2459 1130 2528 quidem
1161 2475 1281 2515 cum
1320 2475 1415 2513 sua
1454 2470 1669 2529 peccata
1700 2458 1940 2521 dixisset,
1976 2456 2234 2525 justifiea-

653 2561 738 2605 Ius
774 2550 1077 2611 descendit;
1108 2549 1195 2603 ille
1226 2563 1350 2603 vero
1379 2563 1500 2603 cum
1530 2564 1623 2602 sua
1652 2558 1795 2602 recte
1822 2547 1959 2601 facta
1990 2547 2232 2609 dixisset,

647 2640 928 2710 publicano
980 2638 1148 2693 l‘.tclus
1195 2637 1415 2693 inferior
1452 2637 1747 2693 descendit.
1800 2637 1957 2692 Vides
1986 2647 2239 2708 quantum

652 2733 1045 2788 afferatdaumi
1090 2744 1232 2787 recte
1280 2730 1539 2786 factorum
1590 2731 1943 2786 meminisse:
1989 2740 2241 2800 quantam

649 2827 824 2894 pariat
876 2828 1157 2880 utilitatem
1210 2833 1548 2893 peccatorum
1601 2823 1819 2878 minime
1862 2822 2243 2876 oblit'isciiAc

654 2920 845 2973 merito
873 2934 1000 2972 sane
1031 2937 1044 2973 :
1072 2918 1159 2986 qui
1187 2931 1414 2986 namque
1439 2924 1583 2970 recte
1610 2914 1868 2969 factorum
1902 2914 2162 2979 meminit,
2190 2913 2240 2966 in

654 3009 958 3079 superbiam
1024 3009 1283 3074 cliertur,
1335 3017 1559 3063 emteros
1608 3007 1851 3061 homines
1900 3014 2243 3074 aspernatur,

655 3100 796 3169 quod
828 3109 881 3155 et
909 3100 1099 3153 accidit
1139 3099 1407 3153 Pharisaeo
1436 3115 1449 3150 :
1478 3113 1652 3167 neque
1675 3096 1814 3151 enim
1844 3096 1895 3150 in
1926 3104 2123 3149 tantam
2150 3108 2246 3147 ve-

661 3197 831 3251 nisset
852 3195 1241 3264 arrogantiam,
1273 3208 1377 3247 non
1406 3191 1647 3254 dixisset,
1681 3188 1801 3243 Non
1836 3204 1946 3242 sum
1973 3188 2103 3241 sicut
2145 3201 2249 3240 ca:-

666 3290 761 3343 teri
786 3289 1011 3343 homines
1046 3286 1195 3357 (an.
1240 3286 1327 3340 18.
1371 3285 1430 3339 11
1457 3284 1511 3354 ),
1546 3282 1645 3336 nisi
1694 3280 1881 3350 jejunii
1911 3279 1989 3333 sui
2019 3278 2253 3333 decima-

662 3394 885 3450 rnmque
913 3378 1273 3441 meminisset;
1302 3376 1556 3430 memoria
1581 3388 1706 3429 vero
1732 3379 2069 3442 peccatorum
2097 3384 2248 3422 meu-

665 3484 770 3529 tem
799 3472 1056 3542 reprimit,
1084 3470 1435 3525 humilitatem
1464 3468 1671 3530 suadet,
1702 3481 1764 3521 ac
1788 3481 1880 3536 per
1896 3464 2253 3519 humilitatem

667 3568 1089 3622 benevolentiam
1124 3567 1212 3621 Dei
1242 3564 1510 3618 conciliat.
1534 3563 1691 3626 Audi,
1732 3577 1935 3632 quicso,
1962 3576 2069 3632 quo
2099 3567 2253 3629 pacto

674 3674 774 3713 nos
824 3658 1067 3714 Christus
1107 3668 1252 3713 recte
1298 3657 1435 3711 facta
1466 3656 1718 3710 oblivioni
1773 3655 1982 3710 tradere
2022 3655 2203 3723 iubeat
2239 3671 2252 3707 :

671 3747 800 3804 Cum
840 3751 1051 3820 feceritis
1099 3749 1205 3802 Ita'c
1234 3749 1421 3812 omnia,
1458 3747 1623 3806 dicite.
1670 3745 1815 3800 Servi
1859 3747 2061 3798 inutiles
2085 3760 2256 3797 sumus

673 3841 825 3912 (an.
871 3842 956 3895 17.
983 3842 1048 3896 l0
1078 3840 1120 3911 ).
1171 3841 1249 3896 Tu
1275 3842 1359 3895 die
1388 3840 1625 3894 inutilem
1656 3853 1774 3893 esse
1805 3847 1854 3892 te
1880 3851 2116 3899 servum,
2146 3852 2253 3889 non

681 3950 781 4004 ego
803 3944 853 3988 te
881 3933 1115 3988 inutilem
1148 3933 1315 3988 reddo
1346 3950 1358 3984 :
1385 3942 1437 3985 ttt
1465 3932 1507 3985 si
1542 3942 1683 3984 tuam
1715 3932 1826 3999 ipse
1843 3929 2101 3982 vilitatem
2125 3943 2256 3981 con-

679 4027 848 4080 fessus
875 4025 1055 4091 fueris,
1088 4039 1187 4094 ego
1208 4033 1259 4079 te
1288 4024 1544 4077 illustrem
1570 4021 1753 4086 reddo,
1785 4031 1837 4073 ct
1860 4033 2054 4074 corona
2086 4034 2261 4073 rentu—

680 4132 811 4171 1201³0

765 4206 1091 4259 I’eccatorum
1133 4204 1390 4259 recordari
1426 4220 1575 4275 quam
1618 4204 1756 4256 utile.
1801 4201 2028 4255 Eamne):
2069 4201 2262 4255 consth

682 4299 826 4352 entia:
877 4297 1173 4367 ineundum.
1215 4326 1286 4336 -—
1323 4296 1481 4350 Vides
1529 4304 1659 4364 quot
1710 4293 2028 4347 testimoniis
2083 4291 2264 4344 utilem

685 4404 805 4445 esse
840 4397 1179 4459 peccatorum
1211 4388 1523 4442 memoriam
1555 4386 1705 4439 nobis
1750 4386 1909 4439 fuerit
1949 4381 2264 4451 comproba-

686 4491 815 4541 tum,
846 4488 900 4535 et
926 4481 1136 4534 noxiam
1158 4478 1467 4533 memoiimn
1498 4486 1641 4532 recte
1666 4472 1923 4530 factorum
1958 4495 1969 4529 :
2001 4487 2053 4528 et
2082 4484 2266 4528 contra

687 4586 871 4627 rursus
922 4571 1235 4642 supplicium
1281 4570 1433 4623 nobis
1481 4584 1545 4622 ex
1594 4567 1859 4621 oblivione
1903 4574 2267 4636 peccatorum,

688 4664 964 4718 utilitatem
1011 4670 1186 4716 autem
1208 4676 1271 4716 ex
1306 4659 1570 4714 ovaioue
1623 4667 1765 4713 recte
1809 4657 2064 4712 laetorum
2106 4656 2271 4710 oriri?

688 4756 779 4810 Vis
807 4757 968 4810 etiam
1001 4753 1215 4810 aliunde
1262 4766 1583 4823 cognoscere
1627 4750 1913 4804 maximum
1960 4763 2078 4805 esse
2130 4757 2275 4804 recte

690 4848 885 4903 factum
927 4858 1259 4917 peccatorum
1290 4845 1589 4900 recordari?
1629 4844 1761 4899 Audi
1785 4844 1995 4899 .lnhum.
2027 4844 2096 4899 Ut
2131 4845 2273 4899 enim

690 4940 902 4995 caeteris
948 4937 1288 5008 gloriabatur,
1332 4938 1401 4989 ita
1442 4948 1495 4990 ct
1534 4935 1866 4991 confessione
1894 4946 2273 5005 peccatorum,

726 5046 812 5085 um
855 5031 925 5084 ita
972 5029 1209 5084 diceret:
1244 5027 1392 5093 Quod
1420 5028 1463 5081 si
1500 5044 1612 5081 cum
1635 5038 1812 5097 sponte
1847 5043 2146 5095 peccassem,
2188 5043 2275 5081 ea:-

694 5122 808 5191 paui
837 5121 1168 5188 frequentiam
1195 5119 1567 5183 multitudinis;
1604 5128 1654 5170 ut
1681 5134 1782 5170 non
1827 5119 2137 5171 enuntiarem
2161 5134 2278 5187 pec-

720 5221 813 5264 ata
846 5228 953 5265 mea
1001 5209 1129 5281 (Iob
1163 5213 1254 5265 ⁸51.
1288 5208 1408 5282 254).
1434 5210 1632 5264 llorum
1676 5218 1849 5262 autem
1888 5210 2167 5264 verborum
2197 5209 2281 5265 hic

695 5317 886 5356 sensus
928 5312 1010 5356 est
1052 5319 1063 5355 :
1094 5316 1378 5368 numquam
1411 5300 1536 5353 mihi
1564 5308 1733 5355 cmtus
1774 5314 2149 5355 conservorum
2182 5316 2280 5370 pu-

699 5394 884 5447 dorem
926 5394 1194 5461 imposatit.
1239 5392 1372 5456 Quid
1420 5392 1561 5445 enim
1610 5390 1826 5459 prodest
1881 5392 2116 5460 ignotum
2163 5407 2283 5447 esse

705 5484 1027 5548 hominibus,
1052 5501 1170 5539 cum
1188 5484 1358 5538 .Iutlex
1386 5484 1565 5537 omnia
1595 5482 1840 5553 noverit?
1865 5483 1991 5551 quid
2020 5498 2146 5537 vero
2177 5499 2275 5536 uo-

704 5586 810 5642 cet,
842 5575 983 5645 qnod
1029 5575 1080 5629 lti
1124 5591 1245 5645 qua:
1272 5590 1299 5626 a
1331 5575 1485 5627 uehis
1514 5574 1795 5626 commissa
1843 5581 1985 5635 sunt,
2019 5575 2279 5635 noverint,

710 5672 755 5723 si
787 5686 880 5723 nos
911 5670 997 5723 ille
1042 5684 1192 5738 pana
1221 5668 1445 5722 voluerit
1474 5667 1744 5722 liberare?
1771 5666 1918 5721 Licet
1941 5681 2125 5721 omnes
2150 5682 2279 5720 con-

707 5759 982 5824 deuntem,
1007 5762 1050 5813 si
1079 5776 1161 5815 nte
1192 5759 1397 5815 calculo
1419 5774 1516 5814 suo
1535 5758 1701 5815 Judex
1724 5758 1984 5828 absolvat,
2015 5758 2143 5817 nihil
2163 5760 2282 5817 illo-

3816 338 3935 401 660

2333 469 2446 508 rum
2475 458 2790 511 sententiam
2832 473 2961 513 cnro
2996 477 3010 514 :
3055 459 3176 511 licet
3216 472 3402 513 omnes
3436 459 3650 514 laudent
3688 470 3744 515 et
3770 455 3931 510 cele-

2328 547 2503 611 brent,
2533 548 2575 603 si
2601 564 2684 603 me
2708 549 2797 603 ille
2830 550 3171 615 condemnet,
3205 551 3337 604 nihil
3362 551 3490 605 mihi
3515 550 3772 620 judicium
3805 552 3936 606 illo-

2286 664 2289 667 ν
2328 654 2444 692 rum
2482 640 2714 709 prodest.
2746 640 2968 709 Semper
3008 642 3149 696 enim
3189 643 3373 696 oculos
3403 644 3454 696 in
3509 643 3653 698 illum
3706 655 3938 714 oportet

2327 739 2656 797 convertere,
2685 731 2929 801 idemque
2951 733 3305 801 praestandum
3323 743 3404 787 est
3431 734 3479 785 itt
3500 732 3749 802 peccatis,
3776 734 3934 802 quod

2326 820 2379 876 in
2413 823 2751 891 pecuniarum
2797 824 3034 893 impensa
3068 833 3401 891 priestamus.
3440 822 3629 878 Statim
3666 822 3810 877 enim
3846 834 3938 877 at.-

2326 926 2432 982 que
2477 926 2508 967 e
2546 913 2705 966 cubili
2747 913 3098 977 surreximus,
3153 925 3437 983 antequam
3490 913 3678 981 pedem
3738 913 3793 966 in
3843 910 3926 964 ἴοι

2326 1018 2444 1057 rum
2495 1004 2805 1071 inferamus,
2860 1012 2954 1058 aut
2999 1004 3213 1074 aliquod
3264 1005 3527 1071 privatim
3585 1003 3937 1072 publicumve

2328 1094 2596 1163 negotium
2651 1095 3021 1164 aggrediamur
3048 1136 3064 1160 ,
3108 1104 3295 1148 vocato
3341 1104 3500 1147 servo
3537 1093 3803 1148 rationem
3855 1091 3932 1146 ab

2328 1199 2392 1239 eo
2444 1184 2704 1255 exigimus
2747 1199 3134 1255 cxpensarum,
3193 1193 3249 1239 ut
3300 1183 3576 1239 videamus
3623 1182 3749 1252 quid
3809 1197 3941 1251 per-

2329 1290 2548 1344 peram,
2607 1274 2732 1344 quid
2777 1276 2832 1329 in
2882 1276 3145 1345 legitimos
3192 1289 3318 1328 usus
3373 1275 3696 1341 insumptum
3741 1270 3935 1335 fuerit,

2308 1376 2690 1452 .qnautumquc
2710 1366 2781 1420 sit
2810 1366 3075 1437 reliquum
3098 1384 3109 1420 :
3128 1364 3266 1435 quod
3284 1365 3327 1418 si
3354 1363 3697 1434 perexiguum
3714 1376 3839 1417 esse
3853 1362 3945 1415 vi.

2331 1456 2570 1511 derimus
2590 1457 2663 1522 id,
2682 1457 2820 1528 quod
2840 1466 3026 1520 restat,
3057 1469 3243 1510 omnes
3258 1456 3369 1510 vias
3396 1454 3758 1525 augendarum
3782 1452 3941 1507 redi—

2338 1556 2486 1601 tuum
2511 1548 2891 1617 excogitamus,
2916 1562 2983 1601 ne
3008 1546 3147 1601 forte
3176 1546 3371 1600 incauti
3390 1545 3528 1599 fame
3552 1544 3941 1599 conficiantur.

2342 1638 2455 1693 lloc
2496 1637 2656 1707 igitur
2694 1648 2745 1691 et
2781 1637 2832 1691 in
2871 1638 3169 1692 actionibus
3209 1636 3405 1691 nostris
3452 1636 3725 1690 faciamus.
3750 1634 3950 1689 Advo-

2333 1740 2447 1784 cata
2478 1730 2798 1784 conscientia
2838 1738 3020 1784 nostra
3057 1729 3292 1783 rationes
3326 1726 3599 1797 exigamus
3620 1726 3687 1781 ab
3716 1740 3780 1780 ea
3814 1740 3941 1779 ver-

2334 1821 2543 1887 borum,
2584 1822 2875 1884 aetionum,
2918 1820 3335 1889 cogitationum;
3388 1818 3745 1887 disquiramus
3792 1814 3936 1886 quid

2335 1911 2615 1966 commode
2668 1912 2973 1980 utiliterque
3023 1911 3094 1965 sit
3152 1910 3513 1979 insumptum,
3566 1908 3693 1977 quid
3733 1908 3787 1961 in
3832 1922 3945 1961 no-

2337 2013 2502 2057 strum
2525 2002 2809 2067 damnum;
2835 2003 2955 2071 quis
2980 2015 3160 2060 sermo
3181 2014 3456 2071 perperam
3479 1999 3634 2054 fuerit
3656 1997 3947 2068 impensus

2339 2098 2391 2152 in
2422 2097 2797 2162 detractiones,
2830 2095 2882 2149 in
2914 2094 3254 2164 turpiloquia,
3289 2093 3341 2147 in
3360 2092 3745 2156 contumelias;
3778 2104 3946 2160 qua:-

2340 2205 2461 2243 nam
2489 2190 2739 2258 cogitatio
2775 2187 2842 2241 ad
2889 2186 3159 2240 lasciviam
3206 2184 3417 2239 oculum
3458 2182 3761 2246 concitarit,
3783 2182 3942 2250 quod

2340 2279 2620 2335 consilium
2651 2281 2701 2333 itt
2728 2278 2977 2333 damnum
3019 2286 3259 2331 nostrum
3292 2276 3343 2329 in
3375 2290 3509 2344 opus
3549 2276 3769 2340 exierit,
3819 2275 3945 2328 sire

2341 2373 2589 2425 manibus
2634 2370 2760 2425 illud
2786 2411 2800 2437 ,
2852 2370 2965 2425 sive
3011 2369 3223 2438 lingua,
3265 2368 3377 2421 sive
3422 2366 3592 2420 oculis
3632 2365 3765 2435 ipsis
3816 2365 3946 2418 fue-

2342 2464 2507 2516 rimus
2534 2460 2815 2531 exsequuti
2844 2479 2860 2515 :
2891 2468 2945 2515 et
2972 2459 3040 2513 ab
3062 2456 3444 2526 intempestivis
3460 2454 3677 2525 quidem
3702 2455 3949 2524 sumpti-

2342 2554 2442 2609 bus
2467 2553 2732 2608 abstinere
2760 2550 3087 2617 Studeamus,
3110 2549 3163 2603 iit
3190 2549 3362 2603 locum
3386 2559 3562 2602 autem
3587 2562 3798 2611 eorum,
3814 2562 3948 2615 qua:

2346 2647 2483 2702 male
2527 2647 2791 2714 insumpta
2820 2654 2961 2706 sunt,
2993 2643 3127 2697 alios
3159 2641 3361 2696 reditus
3386 2640 3744 2695 recondamus
3773 2656 3786 2691 :
3821 2638 3953 2693 loco

2345 2744 2631 2797 verborum
2658 2750 2857 2798 temere
2883 2738 3209 2808 prolatorum
3238 2750 3445 2805 preces,
3474 2734 3594 2788 loco
3622 2741 3948 2801 aspectuum

2349 2835 2665 2889 laseit-orum
2716 2832 3087 2900 eleemosynas
3128 2834 3184 2882 et
3220 2825 3442 2896 jejunia.
3469 2824 3527 2881 Si
3555 2824 3699 2878 enim
3741 2824 3949 2877 intem-

2349 2927 2549 2996 pestive
2591 2924 2759 2978 simus
2802 2919 3157 2990 insumpturi,
3192 2917 3325 2971 nihil
3366 2924 3543 2971 autem
3570 2912 3904 2969 recondituri
3932 2954 3949 2976 ,

2352 3033 2523 3087 neque
2547 3015 2670 3069 boni
2691 3012 2977 3084 quidquam
2997 3010 3147 3065 nobis
3170 3009 3227 3067 in
3256 3007 3519 3063 thesauris
3548 3006 3862 3074 reposituri,
3892 3003 3950 3058 in

2352 3118 2641 3161 extremam
2679 3110 2968 3172 egestatem
2996 3098 3241 3159 redactos
3282 3097 3522 3151 incautos
3568 3096 3621 3149 in
3664 3102 3933 3148 teternum

2354 3197 2491 3266 ignis
2534 3194 2848 3264 supplicium
2892 3191 3192 3263 prtecipitcs
3219 3201 3455 3259 agemus.
3486 3188 3564 3242 Ac
3596 3186 3955 3256 pecuniarum

2352 3289 2563 3358 quidem
2596 3300 2804 3340 summo
2829 3298 2985 3337 mane
3002 3282 3207 3337 olemus
3226 3281 3460 3334 rationes
3486 3276 3641 3343 inire,
3673 3276 3952 3331 actionum

2355 3395 2482 3435 vero
2511 3388 2630 3448 post
2659 3375 2958 3447 prandium,
2990 3372 3072 3428 vel
3100 3372 3200 3427 sub
3224 3372 3397 3441 ipsam
3423 3382 3702 3439 vesperam
3724 3368 3778 3423 in
3809 3368 3961 3422 lecto

2352 3474 2612 3545 iacentes,
2642 3470 2855 3525 nemine
2896 3464 3285 3536 interpellante,
3318 3462 3529 3515 nemine
3557 3458 3960 3530 interturbante

2312 3586 2316 3589 ·
2359 3582 2387 3620 a
2417 3566 2569 3621 nobis
2598 3564 2726 3633 ipsis
2754 3560 3011 3626 ontuiunt,
3031 3573 3149 3628 quze
3179 3555 3398 3610 fecimus
3418 3567 3481 3608 ac
3496 3552 3749 3616 diximus,
3778 3551 3958 3604 ratio-

2358 3672 2480 3712 netu
2508 3654 2799 3724 exigamus.
2830 3648 2980 3717 Quod
3006 3648 3050 3701 si
3073 3645 3196 3717 quid
3223 3652 3498 3714 peccatum
3541 3656 3661 3696 esse
3705 3640 3958 3694 animad-

2360 3756 2650 3808 vertamus,
2694 3744 3017 3810 castigemus
3062 3736 3464 3799 conscientiam,
3497 3743 3736 3787 mentem
3777 3731 3961 3786 inere—

2362 3850 2567 3908 pemns,
2596 3850 2689 3889 eor
2723 3840 2961 3886 nostrunt
3005 3828 3076 3881 ita
3119 3825 3464 3879 vehementer
3504 3835 3957 3891 comptmgamus,

2367 3937 2422 3982 ut
2448 3942 2550 3980 non
2575 3923 2823 3992 amplius,
2852 3919 2939 3973 tibi
2962 3920 3376 3980 surrexerimus,
3400 3915 3451 3967 itt
3472 3912 3609 3966 idem
3633 3911 3839 3979 peccati
3867 3911 3964 3964 ba-

2364 4017 2602 4073 rathrmn
2629 4029 2725 4067 nos
2752 4010 3039 4064 audeamus
3064 4006 3358 4075 impellere,
3387 4002 3701 4072 vespertina:
3742 4014 3957 4055 memo-

2366 4122 2454 4164 res
2478 4106 2755 4162 sectiottis.

2439 4200 2492 4253 5.
2514 4198 2623 4252 lioe
2638 4198 2777 4249 enim
2797 4204 3003 4263 tempus
3032 4190 3206 4260 aptius
3226 4203 3345 4243 esse
3369 4184 3435 4240 ad
3462 4182 3724 4254 ejusmodi
3752 4182 3963 4236 ratioci-

2371 4294 2535 4355 nium,
2554 4289 2791 4357 audiquo
2811 4294 2963 4355 pacto
2985 4292 3206 4338 testctur
3222 4279 3623 4349 pr0pheta,cum
3635 4275 3779 4330 dicat
3799 4291 3811 4326 :
3835 4274 3965 4340 Qua

2371 4384 2534 4435 dicitis
2547 4382 2596 4433 in
2608 4378 2839 4432 cordibus
2852 4376 3043 4439 vestris,
3060 4375 3077 4425 i
3083 4390 3111 4425 n
3125 4373 3234 4425 cnbi
3240 4370 3365 4424 libus
3381 4368 3552 4422 vestris
3564 4382 3744 4434 compti
3752 4366 3965 4435 ngimini

2374 4473 2599 4547 (PsaM.
2616 4470 2669 4539 5)
2682 4510 2694 4519 .
2712 4467 2869 4522 Multa
2885 4464 3109 4519 interdiu
3129 4477 3233 4515 nou
3250 4472 3305 4513 ut
3322 4459 3563 4513 volumus
3579 4472 3607 4509 a
3626 4456 3782 4509 nobis
3799 4456 3961 4517 fiunt;

2375 4574 2428 4621 et
2464 4563 2617 4617 amici
2666 4558 2972 4620 oti‘eudunt,
3019 4564 3072 4609 et
3110 4559 3426 4621 eanperant
3464 4547 3631 4613 servi,
3680 4547 3961 4601 contristat

2378 4670 2529 4719 uxor,
2558 4653 2699 4706 filius
2734 4651 2917 4705 dolore
2959 4646 3136 4710 afficit,
3167 4643 3497 4713 negotiorum
3534 4637 3874 4693 saecularium
3903 4652 3965 4691 ac

2378 4747 2707 4817 publicorum
2736 4757 2833 4797 uos
2863 4740 3015 4795 turba
3055 4734 3416 4797 circumsidet,
3464 4746 3635 4801 neque
3680 4745 3968 4800 possumus

2381 4840 2691 4910 intelligere,
2725 4852 2793 4890 ne
2819 4833 3035 4905 quidem
3071 4847 3172 4902 qua
3213 4830 3415 4882 ratione
3444 4825 3870 4895 supplantemur.
3902 4830 3967 4879 At

2383 4932 2465 4985 his
2510 4927 2755 4984 omnibus
2803 4922 3073 4994 expediti,
3120 4936 3240 4975 cum
3290 4918 3388 4973 soli
3435 4916 3692 4970 fuerimus
3728 4916 3963 4983 vesperi,

2382 5026 2652 5093 multaque
2681 5018 2780 5075 frui
2809 5016 3014 5072 licuerit
3038 5012 3438 5083 tranquillitate,
3463 5007 3720 5078 judicium
3751 5009 3803 5061 in
3833 5008 3969 5061 lecto

2385 5115 2697 5179 excitemus,
2723 5118 2782 5165 ut
2808 5109 2972 5164 Deum
3000 5105 3151 5160 nobis
3181 5104 3463 5174 propitium
3489 5098 3753 5169 ejusmodi
3792 5097 3969 5151 habita

2385 5206 2678 5276 qnarstione
2720 5201 3024 5256 reddamus.
3044 5196 3203 5264 Quod
3226 5197 3269 5249 si
3298 5192 3532 5263 quotidie
3582 5203 3890 5259 peccemus,
3922 5199 3970 5241 et

2387 5300 2619 5352 animum
2649 5302 2887 5348 nostrum
2927 5289 3286 5345 \‘ttlneretnns,
3321 5296 3606 5350 numquam
3635 5288 3815 5333 autem
3852 5295 3972 5331 sen-

2392 5392 2602 5453 tiamus,
2623 5386 2789 5455 utqui
2814 5382 3032 5438 vulnera
3058 5380 3361 5447 frequenter
3388 5373 3671 5442 accipiunt,
3697 5386 3758 5425 ac
3778 5370 3967 5424 ἀείιιὼ

2390 5482 2706 5549 contemptis
2746 5478 2847 5531 illis
2897 5473 3082 5528 febrim
3110 5473 3208 5526 sibi
3240 5471 3325 5534 vel
3356 5464 3743 5523 intolerandum
3788 5478 3969 5517 accer~

2390 5584 2507 5627 sunt
2532 5573 2799 5626 interitum
2833 5586 2847 5621 :
2878 5568 2953 5620 sic
2970 5576 3022 5621 et
3040 5580 3136 5618 nos
3156 5564 3255 5617 hoc
3278 5560 3529 5614 continuo
3553 5569 3789 5625 stupore,
3818 5556 3976 5611 ξηρςεί-

2398 5664 2544 5719 tabili
2568 5678 2663 5717 nos
2689 5660 2946 5715 obnoxios
2974 5655 3229 5725 supplicio
3263 5648 3608 5707 reddidimus.
3649 5647 3775 5701 Scio
3805 5646 3969 5699 mole-

2392 5768 2474 5815 sta
2500 5772 2616 5814 esse
2645 5770 2761 5827 quae
2796 5752 3042 5821 dicimus,
3065 5747 3158 5805 sed
3180 5748 3402 5805 multam
3436 5744 3642 5815 pariunt
3673 5742 3971 5797 utilitatem.
