  <div class='ocr_page' id='page_1' title='image "/cluster/home/n/w/nwhite01/storage/ocr_20150623/50/ien.35556001660778/258.png"; bbox 0 0 4082 6422; ppageno 0'>
   <div class='ocr_carea' id='block_1_1' title="bbox 144 488 1731 562">
    <p class='ocr_par' dir='ltr' id='par_1_1' title="bbox 144 488 1731 562">
     <span class='ocr_line' id='line_1_1' title="bbox 144 488 1731 562; baseline -0.002 -15"><span class='ocrx_word' id='word_1_1' title='bbox 144 492 206 547; x_wconf 60' lang='grc' dir='ltr'><strong>δὲ</strong></span> <span class='ocrx_word' id='word_1_2' title='bbox 232 490 531 562; x_wconf 84' lang='grc' dir='ltr'><strong>μνήσθητι,</strong></span> <span class='ocrx_word' id='word_1_3' title='bbox 564 489 651 543; x_wconf 83' lang='grc' dir='ltr'><strong>ἵνα</strong></span> <span class='ocrx_word' id='word_1_4' title='bbox 678 488 1059 561; x_wconf 75' lang='grc' dir='ltr'><strong>σωφρονισμοῦ</strong></span> <span class='ocrx_word' id='word_1_5' title='bbox 1094 488 1267 561; x_wconf 72' lang='grc' dir='ltr'><strong>λάϐῃς</strong></span> <span class='ocrx_word' id='word_1_6' title='bbox 1297 488 1575 553; x_wconf 82' lang='grc' dir='ltr'><strong>ὑπόθεσιν.</strong></span> <span class='ocrx_word' id='word_1_7' title='bbox 1601 490 1731 544; x_wconf 84' lang='grc' dir='ltr'><strong>Τού-</strong></span> 
     </span>
    </p>
   </div>
   <div class='ocr_carea' id='block_1_2' title="bbox 141 564 1732 642">
    <p class='ocr_par' dir='ltr' id='par_1_2' title="bbox 141 564 1732 642">
     <span class='ocr_line' id='line_1_2' title="bbox 141 564 1732 642; baseline -0.001 -17"><span class='ocrx_word' id='word_1_8' title='bbox 141 590 265 626; x_wconf 84' lang='grc' dir='ltr'><strong>των</strong></span> <span class='ocrx_word' id='word_1_9' title='bbox 304 571 547 635; x_wconf 77' lang='grc' dir='ltr'><strong>ἀκούσας</strong></span> <span class='ocrx_word' id='word_1_10' title='bbox 575 574 605 625; x_wconf 99' lang='lat'><strong>6</strong></span> <span class='ocrx_word' id='word_1_11' title='bbox 631 570 841 634; x_wconf 85' lang='grc' dir='ltr'><strong>Παῦλος</strong></span> <span class='ocrx_word' id='word_1_12' title='bbox 864 602 883 634; x_wconf 66' lang='grc' dir='ltr'><strong>,π</strong></span> <span class='ocrx_word' id='word_1_13' title='bbox 907 567 1347 642; x_wconf 79' lang='grc' dir='ltr'><strong>ἁμαρτημάτων,</strong></span> <span class='ocrx_word' id='word_1_14' title='bbox 1376 564 1453 624; x_wconf 84' lang='grc' dir='ltr'><strong>ὧν</strong></span> <span class='ocrx_word' id='word_1_15' title='bbox 1478 572 1579 624; x_wconf 83' lang='grc' dir='ltr'><strong>οὐκ</strong></span> <span class='ocrx_word' id='word_1_16' title='bbox 1603 571 1732 641; x_wconf 87' lang='grc' dir='ltr'><strong>ἑμέ-</strong></span> 
     </span>
    </p>
   </div>
   <div class='ocr_carea' id='block_1_3' title="bbox 146 652 1733 726">
    <p class='ocr_par' dir='ltr' id='par_1_3' title="bbox 146 652 1733 726">
     <span class='ocr_line' id='line_1_3' title="bbox 146 652 1733 726; baseline -0.003 -17"><span class='ocrx_word' id='word_1_17' title='bbox 146 672 325 726; x_wconf 84' lang='grc' dir='ltr'><strong>μνητο</strong></span> <span class='ocrx_word' id='word_1_18' title='bbox 348 658 379 708; x_wconf 92' lang='lat'><strong>6</strong></span> <span class='ocrx_word' id='word_1_19' title='bbox 407 654 539 716; x_wconf 86' lang='grc' dir='ltr'><strong>Θεὸς</strong></span> <span class='ocrx_word' id='word_1_20' title='bbox 561 694 578 718; x_wconf 92' lang='grc'><strong>,</strong></span> <span class='ocrx_word' id='word_1_21' title='bbox 607 653 772 716; x_wconf 64' lang='grc' dir='ltr'><strong>αὐτος</strong></span> <span class='ocrx_word' id='word_1_22' title='bbox 808 652 1070 722; x_wconf 77' lang='grc' dir='ltr'><strong>διηνεκῶς</strong></span> <span class='ocrx_word' id='word_1_23' title='bbox 1100 653 1377 722; x_wconf 74' lang='grc' dir='ltr'><strong>ἐμέμνητο</strong></span> <span class='ocrx_word' id='word_1_24' title='bbox 1406 652 1607 705; x_wconf 78' lang='grc' dir='ltr'><strong>οὑτωσὶ</strong></span> <span class='ocrx_word' id='word_1_25' title='bbox 1644 652 1733 705; x_wconf 82' lang='grc' dir='ltr'><strong>λέ⁴</strong></span> 
     </span>
    </p>
   </div>
   <div class='ocr_carea' id='block_1_4' title="bbox 141 734 1733 802">
    <p class='ocr_par' dir='ltr' id='par_1_4' title="bbox 141 734 1733 802">
     <span class='ocr_line' id='line_1_4' title="bbox 141 734 1733 802; baseline -0.001 -14"><span class='ocrx_word' id='word_1_26' title='bbox 141 752 299 802; x_wconf 84' lang='grc' dir='ltr'><strong>των·</strong></span> <span class='ocrx_word' id='word_1_27' title='bbox 330 738 456 790; x_wconf 68' lang='grc' dir='ltr'><strong>Οὐκ</strong></span> <span class='ocrx_word' id='word_1_28' title='bbox 493 734 613 802; x_wconf 83' lang='grc' dir='ltr'><strong>εἰμί</strong></span> <span class='ocrx_word' id='word_1_29' title='bbox 649 734 855 800; x_wconf 78' lang='grc' dir='ltr'><strong>ίκανὸς</strong></span> <span class='ocrx_word' id='word_1_30' title='bbox 882 734 1209 787; x_wconf 69' lang='grc' dir='ltr'><strong>καλεῖσθαι</strong></span> <span class='ocrx_word' id='word_1_31' title='bbox 1248 735 1613 801; x_wconf 71' lang='grc' dir='ltr'><strong>ἀπόστολος,</strong></span> <span class='ocrx_word' id='word_1_32' title='bbox 1642 734 1733 787; x_wconf 84' lang='grc' dir='ltr'><strong>ὅτι</strong></span> 
     </span>
    </p>
   </div>
   <div class='ocr_carea' id='block_1_5' title="bbox 138 813 1734 885">
    <p class='ocr_par' dir='ltr' id='par_1_5' title="bbox 138 813 1734 885">
     <span class='ocr_line' id='line_1_5' title="bbox 138 813 1734 885; baseline -0.001 -14"><span class='ocrx_word' id='word_1_33' title='bbox 138 816 367 883; x_wconf 70' lang='grc' dir='ltr'><strong>ἐδίωξα</strong></span> <span class='ocrx_word' id='word_1_34' title='bbox 392 815 508 884; x_wconf 76' lang='grc' dir='ltr'><strong>τὴν</strong></span> <span class='ocrx_word' id='word_1_35' title='bbox 538 817 931 883; x_wconf 73' lang='grc' dir='ltr'><strong>Ἐκκλησίαν·</strong></span> <span class='ocrx_word' id='word_1_36' title='bbox 982 816 1077 869; x_wconf 59' lang='grc' dir='ltr'><strong>καὶ⁸</strong></span> <span class='ocrx_word' id='word_1_37' title='bbox 1094 857 1110 882; x_wconf 88' lang='grc'><strong>,</strong></span> <span class='ocrx_word' id='word_1_38' title='bbox 1137 815 1389 885; x_wconf 77' lang='grc' dir='ltr'><strong>Χριστὸς</strong></span> <span class='ocrx_word' id='word_1_39' title='bbox 1434 813 1623 885; x_wconf 72' lang='grc' dir='ltr'><strong>ἦλθεν</strong></span> <span class='ocrx_word' id='word_1_40' title='bbox 1645 818 1734 882; x_wconf 82' lang='grc' dir='ltr'><strong>είς</strong></span> 
     </span>
    </p>
   </div>
   <div class='ocr_carea' id='block_1_6' title="bbox 139 888 1735 970">
    <p class='ocr_par' dir='ltr' id='par_1_6' title="bbox 139 888 1735 970">
     <span class='ocr_line' id='line_1_6' title="bbox 139 888 1735 970; baseline -0.003 -17"><span class='ocrx_word' id='word_1_41' title='bbox 139 888 257 954; x_wconf 70' lang='grc' dir='ltr'><strong>τὸν</strong></span> <span class='ocrx_word' id='word_1_42' title='bbox 276 900 517 967; x_wconf 78' lang='grc' dir='ltr'><strong>κόσμον</strong></span> <span class='ocrx_word' id='word_1_43' title='bbox 541 892 929 967; x_wconf 77' lang='grc' dir='ltr'><strong>ἁμαρτωλοὺς</strong></span> <span class='ocrx_word' id='word_1_44' title='bbox 955 894 1107 970; x_wconf 73' lang='grc' dir='ltr'><strong>[θοι]</strong></span> <span class='ocrx_word' id='word_1_45' title='bbox 1147 896 1366 961; x_wconf 86' lang='grc' dir='ltr'><strong>σῶσαι,</strong></span> <span class='ocrx_word' id='word_1_46' title='bbox 1389 891 1477 951; x_wconf 75' lang='grc' dir='ltr'><strong>ὧν</strong></span> <span class='ocrx_word' id='word_1_47' title='bbox 1503 896 1735 964; x_wconf 78' lang='grc' dir='ltr'><strong>πρῶτός</strong></span> 
     </span>
    </p>
   </div>
   <div class='ocr_carea' id='block_1_7' title="bbox 135 976 1737 1056">
    <p class='ocr_par' dir='ltr' id='par_1_7' title="bbox 135 976 1737 1056">
     <span class='ocr_line' id='line_1_7' title="bbox 135 976 1737 1056; baseline -0.003 -20"><span class='ocrx_word' id='word_1_48' title='bbox 135 985 263 1051; x_wconf 79' lang='grc' dir='ltr'><strong>εἰμι</strong></span> <span class='ocrx_word' id='word_1_49' title='bbox 296 979 433 1049; x_wconf 72' lang='grc' dir='ltr'><strong>ἐγώ.</strong></span> <span class='ocrx_word' id='word_1_50' title='bbox 466 980 581 1034; x_wconf 76' lang='grc' dir='ltr'><strong>Οὐκ</strong></span> <span class='ocrx_word' id='word_1_51' title='bbox 612 976 787 1046; x_wconf 80' lang='grc' dir='ltr'><strong>εἶπεν,</strong></span> <span class='ocrx_word' id='word_1_52' title='bbox 816 980 1028 1050; x_wconf 87' lang='grc' dir='ltr'><strong>Ἥμην,</strong></span> <span class='ocrx_word' id='word_1_53' title='bbox 1066 978 1204 1044; x_wconf 82' lang='grc' dir='ltr'><strong>ἀλλ’,</strong></span> <span class='ocrx_word' id='word_1_54' title='bbox 1230 980 1399 1056; x_wconf 42' lang='grc' dir='ltr'><strong>Εἰμίκ</strong></span> <span class='ocrx_word' id='word_1_55' title='bbox 1425 979 1490 1031; x_wconf 82' lang='grc' dir='ltr'><strong>Ἦ</strong></span> <span class='ocrx_word' id='word_1_56' title='bbox 1522 977 1737 1049; x_wconf 69' lang='grc' dir='ltr'><strong>συγχώο</strong></span> 
     </span>
    </p>
   </div>
   <div class='ocr_carea' id='block_1_8' title="bbox 137 1059 1737 1134">
    <p class='ocr_par' dir='ltr' id='par_1_8' title="bbox 137 1059 1737 1134">
     <span class='ocr_line' id='line_1_8' title="bbox 137 1059 1737 1134; baseline -0.001 -19"><span class='ocrx_word' id='word_1_57' title='bbox 137 1079 312 1134; x_wconf 86' lang='grc' dir='ltr'><strong>ρησις</strong></span> <span class='ocrx_word' id='word_1_58' title='bbox 344 1062 566 1129; x_wconf 79' lang='grc' dir='ltr'><strong>ἐγένετο</strong></span> <span class='ocrx_word' id='word_1_59' title='bbox 587 1059 698 1114; x_wconf 89' lang='grc' dir='ltr'><strong>τῶν</strong></span> <span class='ocrx_word' id='word_1_60' title='bbox 725 1060 1140 1132; x_wconf 81' lang='grc' dir='ltr'><strong>ἁμαρτημάτων</strong></span> <span class='ocrx_word' id='word_1_61' title='bbox 1174 1060 1325 1132; x_wconf 87' lang='grc' dir='ltr'><strong>παρά</strong></span> <span class='ocrx_word' id='word_1_62' title='bbox 1360 1060 1439 1131; x_wconf 86' lang='grc' dir='ltr'><strong>τῷ</strong></span> <span class='ocrx_word' id='word_1_63' title='bbox 1472 1059 1612 1133; x_wconf 80' lang='grc' dir='ltr'><strong>Θεῷ,</strong></span> <span class='ocrx_word' id='word_1_64' title='bbox 1641 1062 1737 1115; x_wconf 74' lang='grc' dir='ltr'><strong>καὶ</strong></span> 
     </span>
    </p>
   </div>
   <div class='ocr_carea' id='block_1_9' title="bbox 134 1138 1739 1215">
    <p class='ocr_par' dir='ltr' id='par_1_9' title="bbox 134 1138 1739 1215">
     <span class='ocr_line' id='line_1_9' title="bbox 134 1138 1739 1215; baseline 0.001 -19"><span class='ocrx_word' id='word_1_65' title='bbox 134 1148 172 1214; x_wconf 78' lang='grc' dir='ltr'><strong>η</strong></span> <span class='ocrx_word' id='word_1_66' title='bbox 224 1145 425 1215; x_wconf 81' lang='grc' dir='ltr'><strong>μνήμη</strong></span> <span class='ocrx_word' id='word_1_67' title='bbox 472 1142 583 1196; x_wconf 87' lang='grc' dir='ltr'><strong>τῶν</strong></span> <span class='ocrx_word' id='word_1_68' title='bbox 628 1141 1137 1212; x_wconf 72' lang='grc' dir='ltr'><strong>συγκεχωρημένων</strong></span> <span class='ocrx_word' id='word_1_69' title='bbox 1185 1138 1599 1213; x_wconf 83' lang='grc' dir='ltr'><strong>ἁμαρτημάτων</strong></span> <span class='ocrx_word' id='word_1_70' title='bbox 1636 1142 1739 1197; x_wconf 88' lang='grc' dir='ltr'><strong>οὐκ</strong></span> 
     </span>
    </p>
   </div>
   <div class='ocr_carea' id='block_1_10' title="bbox 132 1224 1737 1296">
    <p class='ocr_par' dir='ltr' id='par_1_10' title="bbox 132 1224 1737 1296">
     <span class='ocr_line' id='line_1_10' title="bbox 132 1224 1737 1296; baseline 0 -18"><span class='ocrx_word' id='word_1_71' title='bbox 132 1226 448 1295; x_wconf 67' lang='grc' dir='ltr'><strong>ἠφανίζετο</strong></span> <span class='ocrx_word' id='word_1_72' title='bbox 498 1224 647 1296; x_wconf 84' lang='grc' dir='ltr'><strong>παρά</strong></span> <span class='ocrx_word' id='word_1_73' title='bbox 674 1224 751 1294; x_wconf 87' lang='grc' dir='ltr'>τῷ</span> <span class='ocrx_word' id='word_1_74' title='bbox 779 1224 974 1294; x_wconf 79' lang='grc' dir='ltr'><strong>Παύλῳ</strong></span> <span class='ocrx_word' id='word_1_75' title='bbox 995 1240 1009 1256; x_wconf 77' lang='grc' dir='ltr'><strong>ο</strong></span> <span class='ocrx_word' id='word_1_76' title='bbox 1043 1225 1190 1296; x_wconf 78' lang='grc' dir='ltr'><strong>άπερ</strong></span> <span class='ocrx_word' id='word_1_77' title='bbox 1220 1227 1250 1292; x_wconf 88' lang='lat'><strong>6</strong></span> <span class='ocrx_word' id='word_1_78' title='bbox 1294 1225 1571 1296; x_wconf 78' lang='grc' dir='ltr'><strong>Δεσπότης</strong></span> <span class='ocrx_word' id='word_1_79' title='bbox 1625 1224 1737 1278; x_wconf 89' lang='grc' dir='ltr'><strong>ἀπ⁶</strong></span> 
     </span>
    </p>
   </div>
   <div class='ocr_carea' id='block_1_11' title="bbox 134 1305 1736 1381">
    <p class='ocr_par' dir='ltr' id='par_1_11' title="bbox 134 1305 1736 1381">
     <span class='ocr_line' id='line_1_11' title="bbox 134 1305 1736 1381; baseline 0 -20"><span class='ocrx_word' id='word_1_80' title='bbox 134 1308 361 1381; x_wconf 75' lang='grc' dir='ltr'><strong>ἡλειψε,</strong></span> <span class='ocrx_word' id='word_1_81' title='bbox 389 1306 563 1359; x_wconf 87' lang='grc' dir='ltr'><strong>ταῦτα</strong></span> <span class='ocrx_word' id='word_1_82' title='bbox 588 1306 751 1369; x_wconf 84' lang='grc' dir='ltr'><strong>αὐτὸς</strong></span> <span class='ocrx_word' id='word_1_83' title='bbox 765 1305 1155 1375; x_wconf 81' lang='grc' dir='ltr'><strong>ἑξεπόμπευεν.</strong></span> <span class='ocrx_word' id='word_1_84' title='bbox 1182 1306 1481 1361; x_wconf 78' lang='grc' dir='ltr'><strong>Ἠκούσατε</strong></span> <span class='ocrx_word' id='word_1_85' title='bbox 1506 1305 1615 1378; x_wconf 90' lang='grc' dir='ltr'><strong>γάρ</strong></span> <span class='ocrx_word' id='word_1_86' title='bbox 1642 1305 1736 1360; x_wconf 89' lang='grc' dir='ltr'><strong>τοῦ</strong></span> 
     </span>
    </p>
   </div>
   <div class='ocr_carea' id='block_1_12' title="bbox 136 1387 1741 1461">
    <p class='ocr_par' dir='ltr' id='par_1_12' title="bbox 136 1387 1741 1461">
     <span class='ocr_line' id='line_1_12' title="bbox 136 1387 1741 1461; baseline 0 -18"><span class='ocrx_word' id='word_1_87' title='bbox 136 1392 434 1461; x_wconf 69' lang='grc' dir='ltr'><strong>προφήτου</strong></span> <span class='ocrx_word' id='word_1_88' title='bbox 472 1388 745 1456; x_wconf 77' lang='grc' dir='ltr'><strong>λέγοντος,</strong></span> <span class='ocrx_word' id='word_1_89' title='bbox 771 1388 879 1442; x_wconf 78' lang='grc' dir='ltr'><strong>Καὶ</strong></span> <span class='ocrx_word' id='word_1_90' title='bbox 904 1390 978 1443; x_wconf 85' lang='grc' dir='ltr'><strong>οὐ</strong></span> <span class='ocrx_word' id='word_1_91' title='bbox 1004 1387 1093 1457; x_wconf 79' lang='grc' dir='ltr'><strong>μὴ</strong></span> <span class='ocrx_word' id='word_1_92' title='bbox 1112 1387 1397 1457; x_wconf 75' lang='grc' dir='ltr'><strong>μνησθῶο</strong></span> <span class='ocrx_word' id='word_1_93' title='bbox 1432 1390 1497 1443; x_wconf 84' lang='grc' dir='ltr'><strong>σὺ</strong></span> <span class='ocrx_word' id='word_1_94' title='bbox 1525 1389 1583 1443; x_wconf 88' lang='lat'><strong>66</strong></span> <span class='ocrx_word' id='word_1_95' title='bbox 1609 1390 1741 1460; x_wconf 82' lang='grc' dir='ltr'><strong>μνή-</strong></span> 
     </span>
    </p>
   </div>
   <div class='ocr_carea' id='block_1_13' title="bbox 138 1462 1739 1542">
    <p class='ocr_par' dir='ltr' id='par_1_13' title="bbox 138 1462 1739 1542">
     <span class='ocr_line' id='line_1_13' title="bbox 138 1462 1739 1542; baseline -0.002 -15"><span class='ocrx_word' id='word_1_96' title='bbox 138 1473 333 1542; x_wconf 82' lang='grc' dir='ltr'><strong>σθητι.</strong></span> <span class='ocrx_word' id='word_1_97' title='bbox 372 1471 431 1524; x_wconf 88' lang='lat'><strong>&#39;0</strong></span> <span class='ocrx_word' id='word_1_98' title='bbox 454 1469 590 1533; x_wconf 83' lang='grc' dir='ltr'><strong>Θεὸς</strong></span> <span class='ocrx_word' id='word_1_99' title='bbox 617 1469 811 1534; x_wconf 86' lang='grc' dir='ltr'><strong>σκεῦος</strong></span> <span class='ocrx_word' id='word_1_100' title='bbox 833 1470 1066 1542; x_wconf 76' lang='grc' dir='ltr'><strong>ἐκλογῆς</strong></span> <span class='ocrx_word' id='word_1_101' title='bbox 1088 1471 1251 1525; x_wconf 85' lang='grc' dir='ltr'><strong>αὑτὸν</strong></span> <span class='ocrx_word' id='word_1_102' title='bbox 1269 1471 1445 1535; x_wconf 87' lang='grc' dir='ltr'><strong>καλεῖ,</strong></span> <span class='ocrx_word' id='word_1_103' title='bbox 1460 1472 1561 1525; x_wconf 74' lang='grc' dir='ltr'><strong>καίΙ</strong></span> <span class='ocrx_word' id='word_1_104' title='bbox 1582 1462 1739 1535; x_wconf 70' lang='grc' dir='ltr'><strong>οὗτος</strong></span> 
     </span>
    </p>
   </div>
   <div class='ocr_carea' id='block_1_14' title="bbox 138 1552 1740 1627">
    <p class='ocr_par' dir='ltr' id='par_1_14' title="bbox 138 1552 1740 1627">
     <span class='ocr_line' id='line_1_14' title="bbox 138 1552 1740 1627; baseline -0.001 -18"><span class='ocrx_word' id='word_1_105' title='bbox 138 1556 372 1627; x_wconf 86' lang='grc' dir='ltr'><strong>πρῶτον</strong></span> <span class='ocrx_word' id='word_1_106' title='bbox 407 1552 517 1607; x_wconf 88' lang='grc' dir='ltr'><strong>τῶν</strong></span> <span class='ocrx_word' id='word_1_107' title='bbox 563 1552 906 1624; x_wconf 77' lang='grc' dir='ltr'><strong>ἁμαρτωλῶν</strong></span> <span class='ocrx_word' id='word_1_108' title='bbox 954 1552 1144 1607; x_wconf 66' lang='grc' dir='ltr'><strong>ἑωτὸν</strong></span> <span class='ocrx_word' id='word_1_109' title='bbox 1210 1553 1384 1608; x_wconf 89' lang='grc' dir='ltr'><strong>καλεῖ.</strong></span> <span class='ocrx_word' id='word_1_110' title='bbox 1422 1554 1487 1606; x_wconf 87' lang='grc' dir='ltr'><strong>Εἰ</strong></span> <span class='ocrx_word' id='word_1_111' title='bbox 1528 1553 1586 1606; x_wconf 83' lang='grc' dir='ltr'><strong>δέ</strong></span> <span class='ocrx_word' id='word_1_112' title='bbox 1629 1553 1740 1609; x_wconf 86' lang='grc' dir='ltr'><strong>τῶν</strong></span> 
     </span>
    </p>
   </div>
   <div class='ocr_carea' id='block_1_15' title="bbox 139 1634 1737 1708">
    <p class='ocr_par' dir='ltr' id='par_1_15' title="bbox 139 1634 1737 1708">
     <span class='ocr_line' id='line_1_15' title="bbox 139 1634 1737 1708; baseline -0.001 -19"><span class='ocrx_word' id='word_1_113' title='bbox 139 1636 665 1708; x_wconf 76' lang='grc' dir='ltr'><strong>συγκεχωρημένων</strong></span> <span class='ocrx_word' id='word_1_114' title='bbox 712 1635 1129 1707; x_wconf 76' lang='grc' dir='ltr'><strong>ἁμαρτημάτων</strong></span> <span class='ocrx_word' id='word_1_115' title='bbox 1171 1636 1273 1689; x_wconf 81' lang='grc' dir='ltr'><strong>οὐκ</strong></span> <span class='ocrx_word' id='word_1_116' title='bbox 1322 1634 1737 1701; x_wconf 88' lang='grc' dir='ltr'><strong>ἐπελανθάνετο,</strong></span> 
     </span>
    </p>
   </div>
   <div class='ocr_carea' id='block_1_16' title="bbox 138 1716 1737 1790">
    <p class='ocr_par' dir='ltr' id='par_1_16' title="bbox 138 1716 1737 1790">
     <span class='ocr_line' id='line_1_16' title="bbox 138 1716 1737 1790; baseline -0.003 -15"><span class='ocrx_word' id='word_1_117' title='bbox 138 1721 409 1790; x_wconf 81' lang='grc' dir='ltr'><strong>ἐννόησον</strong></span> <span class='ocrx_word' id='word_1_118' title='bbox 442 1718 564 1780; x_wconf 81' lang='grc' dir='ltr'><strong>πῶς</strong></span> <span class='ocrx_word' id='word_1_119' title='bbox 594 1716 701 1771; x_wconf 90' lang='grc' dir='ltr'><strong>τῶν</strong></span> <span class='ocrx_word' id='word_1_120' title='bbox 742 1717 1073 1788; x_wconf 72' lang='grc' dir='ltr'><strong>εὐεργεσιῶν</strong></span> <span class='ocrx_word' id='word_1_121' title='bbox 1115 1718 1399 1790; x_wconf 85' lang='grc' dir='ltr'><strong>ἐμέμνητο</strong></span> <span class='ocrx_word' id='word_1_122' title='bbox 1436 1716 1532 1771; x_wconf 90' lang='grc' dir='ltr'><strong>τοῦ</strong></span> <span class='ocrx_word' id='word_1_123' title='bbox 1580 1716 1737 1771; x_wconf 88' lang='grc' dir='ltr'><strong>Θεοῦ.</strong></span> 
     </span>
    </p>
   </div>
   <div class='ocr_carea' id='block_1_17' title="bbox 138 1797 1739 1872">
    <p class='ocr_par' dir='ltr' id='par_1_17' title="bbox 138 1797 1739 1872">
     <span class='ocr_line' id='line_1_17' title="bbox 138 1797 1739 1872; baseline -0.001 -16"><span class='ocrx_word' id='word_1_124' title='bbox 138 1800 272 1857; x_wconf 73' lang='grc' dir='ltr'><strong>Καὶ</strong></span> <span class='ocrx_word' id='word_1_125' title='bbox 304 1802 360 1854; x_wconf 91' lang='grc' dir='ltr'><strong>τί</strong></span> <span class='ocrx_word' id='word_1_126' title='bbox 386 1797 553 1868; x_wconf 75' lang='grc' dir='ltr'><strong>λέγω,</strong></span> <span class='ocrx_word' id='word_1_127' title='bbox 596 1800 680 1853; x_wconf 81' lang='grc' dir='ltr'><strong>ὅτι</strong></span> <span class='ocrx_word' id='word_1_128' title='bbox 703 1799 765 1853; x_wconf 84' lang='grc' dir='ltr'><strong>οὐ</strong></span> <span class='ocrx_word' id='word_1_129' title='bbox 807 1799 1160 1870; x_wconf 88' lang='grc' dir='ltr'><strong>καταισχύνει</strong></span> <span class='ocrx_word' id='word_1_130' title='bbox 1192 1802 1381 1872; x_wconf 86' lang='grc' dir='ltr'><strong>μνήμη</strong></span> <span class='ocrx_word' id='word_1_131' title='bbox 1411 1800 1739 1872; x_wconf 86' lang='grc' dir='ltr'><strong>ἁμαρτημά-</strong></span> 
     </span>
    </p>
   </div>
   <div class='ocr_carea' id='block_1_18' title="bbox 143 1881 1741 1954">
    <p class='ocr_par' dir='ltr' id='par_1_18' title="bbox 143 1881 1741 1954">
     <span class='ocr_line' id='line_1_18' title="bbox 143 1881 1741 1954; baseline 0 -17"><span class='ocrx_word' id='word_1_132' title='bbox 143 1899 266 1938; x_wconf 82' lang='grc' dir='ltr'><strong>των</strong></span> <span class='ocrx_word' id='word_1_133' title='bbox 286 1901 302 1951; x_wconf 90' lang='lat'><strong>;</strong></span> <span class='ocrx_word' id='word_1_134' title='bbox 335 1884 435 1953; x_wconf 80' lang='grc' dir='ltr'><strong>οὐχ</strong></span> <span class='ocrx_word' id='word_1_135' title='bbox 452 1881 627 1945; x_wconf 77' lang='grc' dir='ltr'><strong>οὕτως</strong></span> <span class='ocrx_word' id='word_1_136' title='bbox 649 1882 799 1952; x_wconf 79' lang='grc' dir='ltr'><strong>ἡμᾶς</strong></span> <span class='ocrx_word' id='word_1_137' title='bbox 814 1884 958 1935; x_wconf 88' lang='grc' dir='ltr'><strong>ποιεῖ</strong></span> <span class='ocrx_word' id='word_1_138' title='bbox 982 1882 1271 1954; x_wconf 81' lang='grc' dir='ltr'><strong>λαμπροὺς</strong></span> <span class='ocrx_word' id='word_1_139' title='bbox 1296 1881 1741 1954; x_wconf 79' lang='grc' dir='ltr'><strong>κατορθωμάτων</strong></span> 
     </span>
    </p>
   </div>
   <div class='ocr_carea' id='block_1_19' title="bbox 147 1963 1741 2037">
    <p class='ocr_par' dir='ltr' id='par_1_19' title="bbox 147 1963 1741 2037">
     <span class='ocr_line' id='line_1_19' title="bbox 147 1963 1741 2037; baseline -0.001 0"><span class='ocrx_word' id='word_1_140' title='bbox 147 1967 375 2037; x_wconf 75' lang='grc' dir='ltr'><strong>μνήμη.</strong></span> <span class='ocrx_word' id='word_1_141' title='bbox 400 1965 478 2028; x_wconf 80' lang='grc' dir='ltr'><strong>ὡς</strong></span> <span class='ocrx_word' id='word_1_142' title='bbox 504 1966 537 2034; x_wconf 82' lang='grc' dir='ltr'><strong>ἡ</strong></span> <span class='ocrx_word' id='word_1_143' title='bbox 571 1964 677 2017; x_wconf 79' lang='grc' dir='ltr'><strong>τῶν</strong></span> <span class='ocrx_word' id='word_1_144' title='bbox 713 1963 1129 2034; x_wconf 79' lang='grc' dir='ltr'><strong>ἁμαρτημάτων</strong></span> <span class='ocrx_word' id='word_1_145' title='bbox 1153 1963 1374 2036; x_wconf 71' lang='grc' dir='ltr'><strong>μνήμηο</strong></span> <span class='ocrx_word' id='word_1_146' title='bbox 1408 1964 1607 2036; x_wconf 74' lang='grc' dir='ltr'><strong>μᾶλλον</strong></span> <span class='ocrx_word' id='word_1_147' title='bbox 1627 1964 1684 2019; x_wconf 68' lang='grc' dir='ltr'><strong>δὲ</strong></span> <span class='ocrx_word' id='word_1_148' title='bbox 1706 1965 1741 2035; x_wconf 81' lang='grc' dir='ltr'><strong>ἡ</strong></span> 
     </span>
    </p>
   </div>
   <div class='ocr_carea' id='block_1_20' title="bbox 148 2043 1745 2117">
    <p class='ocr_par' dir='ltr' id='par_1_20' title="bbox 148 2043 1745 2117">
     <span class='ocr_line' id='line_1_20' title="bbox 148 2043 1745 2117; baseline 0.001 -17"><span class='ocrx_word' id='word_1_149' title='bbox 148 2049 256 2117; x_wconf 75' lang='grc' dir='ltr'><strong>μὲν</strong></span> <span class='ocrx_word' id='word_1_150' title='bbox 286 2045 400 2100; x_wconf 90' lang='grc' dir='ltr'><strong>τῶν</strong></span> <span class='ocrx_word' id='word_1_151' title='bbox 440 2043 877 2116; x_wconf 82' lang='grc' dir='ltr'><strong>κατορθωμάτων</strong></span> <span class='ocrx_word' id='word_1_152' title='bbox 934 2046 1122 2116; x_wconf 85' lang='grc' dir='ltr'><strong>μνήμη</strong></span> <span class='ocrx_word' id='word_1_153' title='bbox 1169 2046 1231 2099; x_wconf 85' lang='grc' dir='ltr'><strong>οὐ</strong></span> <span class='ocrx_word' id='word_1_154' title='bbox 1280 2047 1440 2117; x_wconf 75' lang='grc' dir='ltr'><strong>μόνον</strong></span> <span class='ocrx_word' id='word_1_155' title='bbox 1486 2049 1549 2102; x_wconf 84' lang='grc' dir='ltr'><strong>ού</strong></span> <span class='ocrx_word' id='word_1_156' title='bbox 1600 2050 1745 2101; x_wconf 89' lang='grc' dir='ltr'><strong>ποιεῖ</strong></span> 
     </span>
    </p>
   </div>
   <div class='ocr_carea' id='block_1_21' title="bbox 146 2126 1745 2201">
    <p class='ocr_par' dir='ltr' id='par_1_21' title="bbox 146 2126 1745 2201">
     <span class='ocr_line' id='line_1_21' title="bbox 146 2126 1745 2201; baseline 0.001 -19"><span class='ocrx_word' id='word_1_157' title='bbox 146 2129 475 2201; x_wconf 77' lang='grc' dir='ltr'><strong>λαμπροὺς,</strong></span> <span class='ocrx_word' id='word_1_158' title='bbox 515 2126 652 2182; x_wconf 88' lang='grc' dir='ltr'><strong>ἀλλά</strong></span> <span class='ocrx_word' id='word_1_159' title='bbox 682 2127 778 2182; x_wconf 80' lang='grc' dir='ltr'><strong>καὶ</strong></span> <span class='ocrx_word' id='word_1_160' title='bbox 807 2126 1071 2199; x_wconf 73' lang='grc' dir='ltr'><strong>αἰσχύνης</strong></span> <span class='ocrx_word' id='word_1_161' title='bbox 1102 2127 1300 2199; x_wconf 83' lang='grc' dir='ltr'><strong>πληροῖ</strong></span> <span class='ocrx_word' id='word_1_162' title='bbox 1337 2129 1437 2185; x_wconf 76' lang='grc' dir='ltr'><strong>καὶ</strong></span> <span class='ocrx_word' id='word_1_163' title='bbox 1460 2130 1745 2199; x_wconf 87' lang='grc' dir='ltr'><strong>καταγνώ-</strong></span> 
     </span>
    </p>
   </div>
   <div class='ocr_carea' id='block_1_22' title="bbox 146 2209 1759 2285">
    <p class='ocr_par' dir='ltr' id='par_1_22' title="bbox 146 2209 1759 2285">
     <span class='ocr_line' id='line_1_22' title="bbox 146 2209 1759 2285; baseline 0.002 -21"><span class='ocrx_word' id='word_1_164' title='bbox 146 2228 330 2274; x_wconf 75' lang='grc' dir='ltr'><strong>σεωςο</strong></span> <span class='ocrx_word' id='word_1_165' title='bbox 381 2213 415 2283; x_wconf 89' lang='grc' dir='ltr'><strong>ἡ</strong></span> <span class='ocrx_word' id='word_1_166' title='bbox 460 2210 519 2264; x_wconf 81' lang='grc' dir='ltr'><strong>δὲ</strong></span> <span class='ocrx_word' id='word_1_167' title='bbox 562 2209 672 2263; x_wconf 90' lang='grc' dir='ltr'><strong>τῶν</strong></span> <span class='ocrx_word' id='word_1_168' title='bbox 722 2210 1135 2281; x_wconf 80' lang='grc' dir='ltr'><strong>ἁμαρτημάτων</strong></span> <span class='ocrx_word' id='word_1_169' title='bbox 1193 2212 1383 2282; x_wconf 88' lang='grc' dir='ltr'><strong>μνήμη</strong></span> <span class='ocrx_word' id='word_1_170' title='bbox 1436 2212 1759 2285; x_wconf 70' lang='grc' dir='ltr'><strong>παρρησίας-</strong></span> 
     </span>
    </p>
   </div>
   <div class='ocr_carea' id='block_1_23' title="bbox 146 2292 1745 2365">
    <p class='ocr_par' dir='ltr' id='par_1_23' title="bbox 146 2292 1745 2365">
     <span class='ocr_line' id='line_1_23' title="bbox 146 2292 1745 2365; baseline 0.003 -20"><span class='ocrx_word' id='word_1_171' title='bbox 146 2295 308 2365; x_wconf 74' lang='grc' dir='ltr'><strong>ἡμᾶς</strong></span> <span class='ocrx_word' id='word_1_172' title='bbox 339 2292 650 2365; x_wconf 87' lang='grc' dir='ltr'><strong>ἐμπίπλησι</strong></span> <span class='ocrx_word' id='word_1_173' title='bbox 678 2293 774 2347; x_wconf 76' lang='grc' dir='ltr'><strong>καὶ</strong></span> <span class='ocrx_word' id='word_1_174' title='bbox 799 2292 1147 2365; x_wconf 79' lang='grc' dir='ltr'><strong>δικαιοσύνης</strong></span> <span class='ocrx_word' id='word_1_175' title='bbox 1187 2293 1410 2365; x_wconf 83' lang='grc' dir='ltr'><strong>πολλῆς.</strong></span> <span class='ocrx_word' id='word_1_176' title='bbox 1452 2295 1548 2360; x_wconf 91' lang='grc' dir='ltr'><strong>Τίς</strong></span> <span class='ocrx_word' id='word_1_177' title='bbox 1582 2294 1745 2349; x_wconf 84' lang='grc' dir='ltr'><strong>τοῦτό</strong></span> 
     </span>
    </p>
   </div>
   <div class='ocr_carea' id='block_1_24' title="bbox 148 2374 1745 2449">
    <p class='ocr_par' dir='ltr' id='par_1_24' title="bbox 148 2374 1745 2449">
     <span class='ocr_line' id='line_1_24' title="bbox 148 2374 1745 2449; baseline 0.001 -20"><span class='ocrx_word' id='word_1_178' title='bbox 148 2393 363 2447; x_wconf 78' lang='grc' dir='ltr'><strong>φησινς</strong></span> <span class='ocrx_word' id='word_1_179' title='bbox 403 2376 464 2430; x_wconf 85' lang='lat'><strong>&#39;0</strong></span> <span class='ocrx_word' id='word_1_180' title='bbox 495 2377 786 2446; x_wconf 73' lang='grc' dir='ltr'><strong>Φαρισαῖος</strong></span> <span class='ocrx_word' id='word_1_181' title='bbox 825 2376 921 2429; x_wconf 78' lang='grc' dir='ltr'><strong>καὶ</strong></span> <span class='ocrx_word' id='word_1_182' title='bbox 952 2379 982 2430; x_wconf 91' lang='lat'><strong>6</strong></span> <span class='ocrx_word' id='word_1_183' title='bbox 1007 2374 1267 2448; x_wconf 83' lang='grc' dir='ltr'><strong>τελώνης.</strong></span> <span class='ocrx_word' id='word_1_184' title='bbox 1310 2377 1371 2432; x_wconf 89' lang='lat'><strong>&#39;0</strong></span> <span class='ocrx_word' id='word_1_185' title='bbox 1398 2378 1497 2449; x_wconf 83' lang='grc' dir='ltr'><strong>μὲν</strong></span> <span class='ocrx_word' id='word_1_186' title='bbox 1521 2377 1631 2449; x_wconf 85' lang='grc' dir='ltr'><strong>γάρ</strong></span> <span class='ocrx_word' id='word_1_187' title='bbox 1667 2379 1745 2434; x_wconf 75' lang='grc' dir='ltr'><strong>εἰσ</strong></span> 
     </span>
    </p>
   </div>
   <div class='ocr_carea' id='block_1_25' title="bbox 148 2451 1745 2531">
    <p class='ocr_par' dir='ltr' id='par_1_25' title="bbox 148 2451 1745 2531">
     <span class='ocr_line' id='line_1_25' title="bbox 148 2451 1745 2531; baseline 0.002 -19"><span class='ocrx_word' id='word_1_188' title='bbox 148 2458 276 2512; x_wconf 84' lang='grc' dir='ltr'><strong>πὼν</strong></span> <span class='ocrx_word' id='word_1_189' title='bbox 304 2451 376 2512; x_wconf 83' lang='grc' dir='ltr'><strong>τά</strong></span> <span class='ocrx_word' id='word_1_190' title='bbox 415 2459 805 2529; x_wconf 87' lang='grc' dir='ltr'><strong>ἁμαρτήματα,</strong></span> <span class='ocrx_word' id='word_1_191' title='bbox 845 2458 1082 2529; x_wconf 83' lang='grc' dir='ltr'><strong>κατῆλθε</strong></span> <span class='ocrx_word' id='word_1_192' title='bbox 1132 2458 1584 2531; x_wconf 77' lang='grc' dir='ltr'><strong>δεδικαιωμένοςο</strong></span> <span class='ocrx_word' id='word_1_193' title='bbox 1624 2462 1661 2515; x_wconf 89' lang='lat'><em>6.</em></span> <span class='ocrx_word' id='word_1_194' title='bbox 1686 2460 1745 2515; x_wconf 72' lang='grc' dir='ltr'><strong>δέ</strong></span> 
     </span>
    </p>
   </div>
   <div class='ocr_carea' id='block_1_26' title="bbox 147 2539 1746 2612">
    <p class='ocr_par' dir='ltr' id='par_1_26' title="bbox 147 2539 1746 2612">
     <span class='ocr_line' id='line_1_26' title="bbox 147 2539 1746 2612; baseline 0.002 -17"><span class='ocrx_word' id='word_1_195' title='bbox 147 2540 329 2595; x_wconf 78' lang='grc' dir='ltr'><strong>εἰπὼν</strong></span> <span class='ocrx_word' id='word_1_196' title='bbox 349 2540 422 2594; x_wconf 89' lang='grc' dir='ltr'><strong>τά</strong></span> <span class='ocrx_word' id='word_1_197' title='bbox 440 2539 859 2612; x_wconf 81' lang='grc' dir='ltr'><strong>κατορθώματα,</strong></span> <span class='ocrx_word' id='word_1_198' title='bbox 889 2541 1158 2612; x_wconf 84' lang='grc' dir='ltr'><strong>κατῆλθεν</strong></span> <span class='ocrx_word' id='word_1_199' title='bbox 1192 2543 1431 2599; x_wconf 84' lang='grc' dir='ltr'><strong>ἑλάττων</strong></span> <span class='ocrx_word' id='word_1_200' title='bbox 1455 2542 1561 2600; x_wconf 71' lang='grc' dir='ltr'><strong>τοῦ</strong></span> <span class='ocrx_word' id='word_1_201' title='bbox 1576 2542 1746 2598; x_wconf 83' lang='grc' dir='ltr'><strong>τελώ-</strong></span> 
     </span>
    </p>
   </div>
   <div class='ocr_carea' id='block_1_27' title="bbox 147 2623 1748 2698">
    <p class='ocr_par' dir='ltr' id='par_1_27' title="bbox 147 2623 1748 2698">
     <span class='ocr_line' id='line_1_27' title="bbox 147 2623 1748 2698; baseline 0.002 -22"><span class='ocrx_word' id='word_1_202' title='bbox 147 2641 247 2678; x_wconf 63' lang='grc' dir='ltr'><strong>νου</strong></span> <span class='ocrx_word' id='word_1_203' title='bbox 280 2624 590 2693; x_wconf 85' lang='grc' dir='ltr'><strong>γενόμενος.</strong></span> <span class='ocrx_word' id='word_1_204' title='bbox 628 2623 791 2695; x_wconf 78' lang='grc' dir='ltr'><strong>Ὁρᾷς</strong></span> <span class='ocrx_word' id='word_1_205' title='bbox 838 2624 937 2695; x_wconf 85' lang='grc' dir='ltr'><strong>δση</strong></span> <span class='ocrx_word' id='word_1_206' title='bbox 982 2624 1157 2696; x_wconf 74' lang='grc' dir='ltr'><strong>βλάϐη</strong></span> <span class='ocrx_word' id='word_1_207' title='bbox 1194 2625 1509 2698; x_wconf 73' lang='grc' dir='ltr'><strong>μεμνῆσθαι</strong></span> <span class='ocrx_word' id='word_1_208' title='bbox 1548 2643 1748 2698; x_wconf 84' lang='grc' dir='ltr'><strong>κατορ-</strong></span> 
     </span>
    </p>
   </div>
   <div class='ocr_carea' id='block_1_28' title="bbox 148 2706 1748 2782">
    <p class='ocr_par' dir='ltr' id='par_1_28' title="bbox 148 2706 1748 2782">
     <span class='ocr_line' id='line_1_28' title="bbox 148 2706 1748 2782; baseline 0.001 -22"><span class='ocrx_word' id='word_1_209' title='bbox 148 2706 467 2778; x_wconf 78' lang='grc' dir='ltr'><strong>θωμάτων,</strong></span> <span class='ocrx_word' id='word_1_210' title='bbox 496 2708 594 2777; x_wconf 84' lang='grc' dir='ltr'><strong>ὅση</strong></span> <span class='ocrx_word' id='word_1_211' title='bbox 625 2706 865 2775; x_wconf 81' lang='grc' dir='ltr'><strong>ὠφέλεια</strong></span> <span class='ocrx_word' id='word_1_212' title='bbox 912 2708 988 2777; x_wconf 83' lang='grc' dir='ltr'><strong>μὴ</strong></span> <span class='ocrx_word' id='word_1_213' title='bbox 1034 2708 1387 2780; x_wconf 78' lang='grc' dir='ltr'><strong>ἐπιλελῆσθαι</strong></span> <span class='ocrx_word' id='word_1_214' title='bbox 1412 2710 1748 2782; x_wconf 80' lang='grc' dir='ltr'><strong>ἁμαρτημά-</strong></span> 
     </span>
    </p>
   </div>
   <div class='ocr_carea' id='block_1_29' title="bbox 147 2788 1750 2865">
    <p class='ocr_par' dir='ltr' id='par_1_29' title="bbox 147 2788 1750 2865">
     <span class='ocr_line' id='line_1_29' title="bbox 147 2788 1750 2865; baseline 0.002 -23"><span class='ocrx_word' id='word_1_215' title='bbox 147 2806 301 2857; x_wconf 87' lang='grc' dir='ltr'><strong>των;</strong></span> <span class='ocrx_word' id='word_1_216' title='bbox 328 2789 439 2845; x_wconf 76' lang='grc' dir='ltr'><strong>Καὶ</strong></span> <span class='ocrx_word' id='word_1_217' title='bbox 470 2788 616 2858; x_wconf 87' lang='grc' dir='ltr'><strong>μάλα</strong></span> <span class='ocrx_word' id='word_1_218' title='bbox 644 2789 970 2853; x_wconf 80' lang='grc' dir='ltr'><strong>εἰκότως.Ὀ</strong></span> <span class='ocrx_word' id='word_1_219' title='bbox 1000 2791 1100 2860; x_wconf 87' lang='grc' dir='ltr'><strong>μὲν</strong></span> <span class='ocrx_word' id='word_1_220' title='bbox 1130 2790 1241 2863; x_wconf 83' lang='grc' dir='ltr'><strong>γάρ</strong></span> <span class='ocrx_word' id='word_1_221' title='bbox 1261 2791 1368 2846; x_wconf 88' lang='grc' dir='ltr'><strong>τῶν</strong></span> <span class='ocrx_word' id='word_1_222' title='bbox 1393 2791 1750 2865; x_wconf 79' lang='grc' dir='ltr'><strong>κατορθωμά-</strong></span> 
     </span>
    </p>
   </div>
   <div class='ocr_carea' id='block_1_30' title="bbox 148 2870 1747 2946">
    <p class='ocr_par' dir='ltr' id='par_1_30' title="bbox 148 2870 1747 2946">
     <span class='ocr_line' id='line_1_30' title="bbox 148 2870 1747 2946; baseline 0.004 -22"><span class='ocrx_word' id='word_1_223' title='bbox 148 2889 271 2927; x_wconf 86' lang='grc' dir='ltr'><strong>των</strong></span> <span class='ocrx_word' id='word_1_224' title='bbox 317 2870 664 2941; x_wconf 76' lang='grc' dir='ltr'><strong>μεμνημένος</strong></span> <span class='ocrx_word' id='word_1_225' title='bbox 690 2873 771 2934; x_wconf 87' lang='grc' dir='ltr'><strong>εἰς</strong></span> <span class='ocrx_word' id='word_1_226' title='bbox 803 2871 1061 2925; x_wconf 77' lang='grc' dir='ltr'><strong>ἀπόνοιαν</strong></span> <span class='ocrx_word' id='word_1_227' title='bbox 1091 2873 1331 2944; x_wconf 75' lang='grc' dir='ltr'><strong>αἴρεται,</strong></span> <span class='ocrx_word' id='word_1_228' title='bbox 1359 2876 1605 2946; x_wconf 77' lang='grc' dir='ltr'><strong>ὑπερορᾷ</strong></span> <span class='ocrx_word' id='word_1_229' title='bbox 1637 2874 1747 2931; x_wconf 90' lang='grc' dir='ltr'><strong>τῶν</strong></span> 
     </span>
    </p>
   </div>
   <div class='ocr_carea' id='block_1_31' title="bbox 149 2952 1747 3029">
    <p class='ocr_par' dir='ltr' id='par_1_31' title="bbox 149 2952 1747 3029">
     <span class='ocr_line' id='line_1_31' title="bbox 149 2952 1747 3029; baseline 0.001 -20"><span class='ocrx_word' id='word_1_230' title='bbox 149 2955 365 3009; x_wconf 80' lang='grc' dir='ltr'><strong>λοιπῶν</strong></span> <span class='ocrx_word' id='word_1_231' title='bbox 388 2952 711 3025; x_wconf 76' lang='grc' dir='ltr'><strong>ἀνθρώπιον,</strong></span> <span class='ocrx_word' id='word_1_232' title='bbox 736 2954 874 3025; x_wconf 85' lang='grc' dir='ltr'><strong>ὅπερ</strong></span> <span class='ocrx_word' id='word_1_233' title='bbox 899 2956 943 3007; x_wconf 89' lang='lat'><em>6.</em></span> <span class='ocrx_word' id='word_1_234' title='bbox 961 2956 1263 3026; x_wconf 65' lang='grc' dir='ltr'><strong>Φαρισαῖος</strong></span> <span class='ocrx_word' id='word_1_235' title='bbox 1291 2955 1494 3010; x_wconf 68' lang='grc' dir='ltr'><strong>ἔπαθεν</strong></span> <span class='ocrx_word' id='word_1_236' title='bbox 1510 2972 1522 2986; x_wconf 88' lang='grc'><strong>·</strong></span> <span class='ocrx_word' id='word_1_237' title='bbox 1550 2957 1610 3010; x_wconf 85' lang='grc' dir='ltr'><strong>οὐ</strong></span> <span class='ocrx_word' id='word_1_238' title='bbox 1637 2957 1747 3029; x_wconf 89' lang='grc' dir='ltr'><strong>γάρ</strong></span> 
     </span>
    </p>
   </div>
   <div class='ocr_carea' id='block_1_32' title="bbox 151 3033 1745 3109">
    <p class='ocr_par' dir='ltr' id='par_1_32' title="bbox 151 3033 1745 3109">
     <span class='ocr_line' id='line_1_32' title="bbox 151 3033 1745 3109; baseline -0.001 -17"><span class='ocrx_word' id='word_1_239' title='bbox 151 3039 227 3092; x_wconf 74' lang='grc' dir='ltr'><strong>ἂν</strong></span> <span class='ocrx_word' id='word_1_240' title='bbox 265 3039 346 3101; x_wconf 87' lang='grc' dir='ltr'><strong>εἰς</strong></span> <span class='ocrx_word' id='word_1_241' title='bbox 397 3036 666 3104; x_wconf 85' lang='grc' dir='ltr'><strong>τοσαύτην</strong></span> <span class='ocrx_word' id='word_1_242' title='bbox 711 3035 1031 3100; x_wconf 74' lang='grc' dir='ltr'><strong>ἀλαζονείαν</strong></span> <span class='ocrx_word' id='word_1_243' title='bbox 1077 3033 1266 3109; x_wconf 77' lang='grc' dir='ltr'><strong>ἦλθεν,</strong></span> <span class='ocrx_word' id='word_1_244' title='bbox 1307 3038 1409 3091; x_wconf 81' lang='grc' dir='ltr'><strong>οὐκ</strong></span> <span class='ocrx_word' id='word_1_245' title='bbox 1453 3037 1521 3093; x_wconf 82' lang='grc' dir='ltr'><strong>ἂν</strong></span> <span class='ocrx_word' id='word_1_246' title='bbox 1571 3036 1745 3105; x_wconf 79' lang='grc' dir='ltr'><strong>εἶπεν,</strong></span> 
     </span>
    </p>
   </div>
   <div class='ocr_carea' id='block_1_33' title="bbox 157 3117 1750 3192">
    <p class='ocr_par' dir='ltr' id='par_1_33' title="bbox 157 3117 1750 3192">
     <span class='ocr_line' id='line_1_33' title="bbox 157 3117 1750 3192; baseline 0.001 -18"><span class='ocrx_word' id='word_1_247' title='bbox 157 3122 290 3174; x_wconf 85' lang='grc' dir='ltr'><strong>Οὐκ</strong></span> <span class='ocrx_word' id='word_1_248' title='bbox 315 3118 432 3187; x_wconf 73' lang='grc' dir='ltr'><strong>εἰμί</strong></span> <span class='ocrx_word' id='word_1_249' title='bbox 460 3118 540 3184; x_wconf 85' lang='grc' dir='ltr'><strong>ὠς</strong></span> <span class='ocrx_word' id='word_1_250' title='bbox 565 3120 620 3172; x_wconf 82' lang='grc' dir='ltr'><em>οἰ</em></span> <span class='ocrx_word' id='word_1_251' title='bbox 645 3119 847 3175; x_wconf 70' lang='grc' dir='ltr'><strong>,ἑοιποί</strong></span> <span class='ocrx_word' id='word_1_252' title='bbox 889 3117 1213 3187; x_wconf 77' lang='grc' dir='ltr'><strong>ἄνθρωποι,</strong></span> <span class='ocrx_word' id='word_1_253' title='bbox 1263 3120 1314 3172; x_wconf 90' lang='grc' dir='ltr'><strong>εἰ</strong></span> <span class='ocrx_word' id='word_1_254' title='bbox 1356 3120 1433 3192; x_wconf 78' lang='grc' dir='ltr'><strong>μὴ</strong></span> <span class='ocrx_word' id='word_1_255' title='bbox 1475 3120 1750 3192; x_wconf 86' lang='grc' dir='ltr'><strong>ἐμέμνητο</strong></span> 
     </span>
    </p>
   </div>
   <div class='ocr_carea' id='block_1_34' title="bbox 152 3196 1748 3277">
    <p class='ocr_par' dir='ltr' id='par_1_34' title="bbox 152 3196 1748 3277">
     <span class='ocr_line' id='line_1_34' title="bbox 152 3196 1748 3277; baseline 0.004 -24"><span class='ocrx_word' id='word_1_256' title='bbox 152 3202 261 3272; x_wconf 67' lang='grc' dir='ltr'><strong>τῆς</strong></span> <span class='ocrx_word' id='word_1_257' title='bbox 290 3200 545 3272; x_wconf 80' lang='grc' dir='ltr'><strong>νηστείας</strong></span> <span class='ocrx_word' id='word_1_258' title='bbox 577 3199 737 3254; x_wconf 76' lang='grc' dir='ltr'><strong>αὑτοῦ</strong></span> <span class='ocrx_word' id='word_1_259' title='bbox 792 3201 885 3253; x_wconf 77' lang='grc' dir='ltr'><strong>καὶ</strong></span> <span class='ocrx_word' id='word_1_260' title='bbox 914 3200 1016 3270; x_wconf 85' lang='grc' dir='ltr'><strong>τῆς</strong></span> <span class='ocrx_word' id='word_1_261' title='bbox 1048 3200 1279 3277; x_wconf 73' lang='grc' dir='ltr'><strong>δεκάτης</strong></span> <span class='ocrx_word' id='word_1_262' title='bbox 1299 3219 1314 3233; x_wconf 78' lang='grc' dir='ltr'><strong>ο</strong></span> <span class='ocrx_word' id='word_1_263' title='bbox 1358 3204 1393 3272; x_wconf 91' lang='grc' dir='ltr'><strong>ἡ</strong></span> <span class='ocrx_word' id='word_1_264' title='bbox 1443 3201 1501 3257; x_wconf 86' lang='lat'><strong>66</strong></span> <span class='ocrx_word' id='word_1_265' title='bbox 1555 3196 1748 3277; x_wconf 85' lang='grc' dir='ltr'><strong>μνήμη</strong></span> 
     </span>
    </p>
   </div>
   <div class='ocr_carea' id='block_1_35' title="bbox 162 3271 1749 3355">
    <p class='ocr_par' dir='ltr' id='par_1_35' title="bbox 162 3271 1749 3355">
     <span class='ocr_line' id='line_1_35' title="bbox 162 3271 1749 3355; baseline 0.003 -18"><span class='ocrx_word' id='word_1_266' title='bbox 162 3271 276 3337; x_wconf 87' lang='grc' dir='ltr'><strong>τῶν</strong></span> <span class='ocrx_word' id='word_1_267' title='bbox 299 3271 714 3355; x_wconf 82' lang='grc' dir='ltr'><strong>ἁμαρτημάτων</strong></span> <span class='ocrx_word' id='word_1_268' title='bbox 754 3271 1241 3355; x_wconf 75' lang='grc' dir='ltr'><strong>καταστέλλείτὴν</strong></span> <span class='ocrx_word' id='word_1_269' title='bbox 1270 3271 1529 3351; x_wconf 87' lang='grc' dir='ltr'><strong>διάνοιαν,</strong></span> <span class='ocrx_word' id='word_1_270' title='bbox 1557 3271 1749 3342; x_wconf 57' lang='grc' dir='ltr'><strong>ταπειλ</strong></span> 
     </span>
    </p>
   </div>
   <div class='ocr_carea' id='block_1_36' title="bbox 159 3364 1751 3441">
    <p class='ocr_par' dir='ltr' id='par_1_36' title="bbox 159 3364 1751 3441">
     <span class='ocr_line' id='line_1_36' title="bbox 159 3364 1751 3441; baseline 0.003 -23"><span class='ocrx_word' id='word_1_271' title='bbox 159 3368 444 3435; x_wconf 73' lang='grc' dir='ltr'><strong>νοφρονεῖν</strong></span> <span class='ocrx_word' id='word_1_272' title='bbox 468 3364 648 3419; x_wconf 80' lang='grc' dir='ltr'><strong>πείθει</strong></span> <span class='ocrx_word' id='word_1_273' title='bbox 667 3403 682 3429; x_wconf 93' lang='grc'><strong>,</strong></span> <span class='ocrx_word' id='word_1_274' title='bbox 721 3364 819 3417; x_wconf 80' lang='grc' dir='ltr'><strong>καὶ</strong></span> <span class='ocrx_word' id='word_1_275' title='bbox 846 3364 937 3417; x_wconf 90' lang='grc' dir='ltr'><strong>διά</strong></span> <span class='ocrx_word' id='word_1_276' title='bbox 966 3365 1069 3437; x_wconf 81' lang='grc' dir='ltr'><strong>τῆς</strong></span> <span class='ocrx_word' id='word_1_277' title='bbox 1099 3367 1601 3441; x_wconf 83' lang='grc' dir='ltr'><strong>ταπεινοφροσύνης</strong></span> <span class='ocrx_word' id='word_1_278' title='bbox 1628 3372 1751 3423; x_wconf 83' lang='grc' dir='ltr'><strong>ἐπι-</strong></span> 
     </span>
    </p>
   </div>
   <div class='ocr_carea' id='block_1_37' title="bbox 163 3444 1748 3519">
    <p class='ocr_par' dir='ltr' id='par_1_37' title="bbox 163 3444 1748 3519">
     <span class='ocr_line' id='line_1_37' title="bbox 163 3444 1748 3519; baseline 0.003 -18"><span class='ocrx_word' id='word_1_279' title='bbox 163 3449 369 3501; x_wconf 80' lang='grc' dir='ltr'><strong>σπᾶται</strong></span> <span class='ocrx_word' id='word_1_280' title='bbox 401 3444 497 3500; x_wconf 88' lang='grc' dir='ltr'><strong>τοῦ</strong></span> <span class='ocrx_word' id='word_1_281' title='bbox 523 3444 657 3498; x_wconf 81' lang='grc' dir='ltr'><strong>Θεοῦ</strong></span> <span class='ocrx_word' id='word_1_282' title='bbox 684 3446 783 3518; x_wconf 77' lang='grc' dir='ltr'><strong>τὴν</strong></span> <span class='ocrx_word' id='word_1_283' title='bbox 815 3445 1329 3504; x_wconf 79' lang='grc' dir='ltr'><strong>εὖνοιαν.¹’Δκουσον</strong></span> <span class='ocrx_word' id='word_1_284' title='bbox 1357 3450 1491 3519; x_wconf 90' lang='grc' dir='ltr'><strong>γοῦν</strong></span> <span class='ocrx_word' id='word_1_285' title='bbox 1514 3452 1632 3516; x_wconf 88' lang='grc' dir='ltr'><strong>πῶς</strong></span> <span class='ocrx_word' id='word_1_286' title='bbox 1653 3452 1748 3507; x_wconf 80' lang='grc' dir='ltr'><strong>καὶ</strong></span> 
     </span>
    </p>
   </div>
   <div class='ocr_carea' id='block_1_38' title="bbox 159 3528 1747 3607">
    <p class='ocr_par' dir='ltr' id='par_1_38' title="bbox 159 3528 1747 3607">
     <span class='ocr_line' id='line_1_38' title="bbox 159 3528 1747 3607; baseline -0.004 -23"><span class='ocrx_word' id='word_1_287' title='bbox 159 3534 192 3585; x_wconf 88' lang='lat'><strong>6</strong></span> <span class='ocrx_word' id='word_1_288' title='bbox 216 3530 456 3602; x_wconf 82' lang='grc' dir='ltr'><strong>Χριστὸς</strong></span> <span class='ocrx_word' id='word_1_289' title='bbox 480 3528 688 3583; x_wconf 83' lang='grc' dir='ltr'><strong>κελεύει</strong></span> <span class='ocrx_word' id='word_1_290' title='bbox 718 3528 857 3601; x_wconf 78' lang='grc' dir='ltr'><strong>λήθη</strong></span> <span class='ocrx_word' id='word_1_291' title='bbox 891 3530 1285 3602; x_wconf 82' lang='grc' dir='ltr'><strong>παραπέμπειν</strong></span> <span class='ocrx_word' id='word_1_292' title='bbox 1301 3535 1450 3605; x_wconf 80' lang='grc' dir='ltr'><strong>ἡμᾶς</strong></span> <span class='ocrx_word' id='word_1_293' title='bbox 1465 3535 1535 3589; x_wconf 78' lang='grc' dir='ltr'><strong>τὰ</strong></span> <span class='ocrx_word' id='word_1_294' title='bbox 1550 3551 1747 3607; x_wconf 78' lang='grc' dir='ltr'><strong>κατορ.</strong></span> 
     </span>
    </p>
   </div>
   <div class='ocr_carea' id='block_1_39' title="bbox 161 3611 1748 3685">
    <p class='ocr_par' dir='ltr' id='par_1_39' title="bbox 161 3611 1748 3685">
     <span class='ocr_line' id='line_1_39' title="bbox 161 3611 1748 3685; baseline 0.003 -19"><span class='ocrx_word' id='word_1_295' title='bbox 161 3613 416 3684; x_wconf 79' lang='grc' dir='ltr'><strong>θώματα.</strong></span> <span class='ocrx_word' id='word_1_296' title='bbox 444 3613 621 3665; x_wconf 80' lang='grc' dir='ltr'><strong>Ὅταν</strong></span> <span class='ocrx_word' id='word_1_297' title='bbox 644 3612 835 3665; x_wconf 80' lang='grc' dir='ltr'><strong>ταῦτα</strong></span> <span class='ocrx_word' id='word_1_298' title='bbox 860 3611 1061 3666; x_wconf 78' lang='grc' dir='ltr'><strong>πάντα</strong></span> <span class='ocrx_word' id='word_1_299' title='bbox 1084 3614 1403 3682; x_wconf 75' lang='grc' dir='ltr'><strong>ποιήσητε,</strong></span> <span class='ocrx_word' id='word_1_300' title='bbox 1422 3616 1628 3685; x_wconf 76' lang='grc' dir='ltr'><strong>λέγετε</strong></span> <span class='ocrx_word' id='word_1_301' title='bbox 1656 3617 1748 3671; x_wconf 86' lang='grc' dir='ltr'><strong>ὅτι</strong></span> 
     </span>
    </p>
   </div>
   <div class='ocr_carea' id='block_1_40' title="bbox 174 3692 1741 3769">
    <p class='ocr_par' dir='ltr' id='par_1_40' title="bbox 174 3692 1741 3769">
     <span class='ocr_line' id='line_1_40' title="bbox 174 3692 1741 3769; baseline 0.003 -21"><span class='ocrx_word' id='word_1_302' title='bbox 174 3693 424 3763; x_wconf 77' lang='grc' dir='ltr'><strong>Ἆχρεὶοι</strong></span> <span class='ocrx_word' id='word_1_303' title='bbox 454 3692 664 3748; x_wconf 72' lang='grc' dir='ltr'><strong>δοῦλοί</strong></span> <span class='ocrx_word' id='word_1_304' title='bbox 672 3693 895 3769; x_wconf 56' lang='grc' dir='ltr'><strong>ἐσμεν.</strong></span> <span class='ocrx_word' id='word_1_305' title='bbox 912 3695 986 3747; x_wconf 82' lang='grc' dir='ltr'><strong>Σὺ</strong></span> <span class='ocrx_word' id='word_1_306' title='bbox 1016 3694 1143 3765; x_wconf 83' lang='grc' dir='ltr'><strong>λέγε</strong></span> <span class='ocrx_word' id='word_1_307' title='bbox 1174 3697 1255 3751; x_wconf 81' lang='grc' dir='ltr'><strong>ὅτι</strong></span> <span class='ocrx_word' id='word_1_308' title='bbox 1294 3698 1511 3769; x_wconf 83' lang='grc' dir='ltr'><strong>ἀχρεῖος</strong></span> <span class='ocrx_word' id='word_1_309' title='bbox 1549 3698 1741 3763; x_wconf 89' lang='grc' dir='ltr'><strong>δοῦλος</strong></span> 
     </span>
    </p>
   </div>
   <div class='ocr_carea' id='block_1_41' title="bbox 159 3766 1747 3852">
    <p class='ocr_par' dir='ltr' id='par_1_41' title="bbox 159 3766 1747 3852">
     <span class='ocr_line' id='line_1_41' title="bbox 159 3766 1747 3852; baseline 0.003 -23"><span class='ocrx_word' id='word_1_310' title='bbox 159 3772 238 3840; x_wconf 75' lang='grc' dir='ltr'><strong>εἴ,</strong></span> <span class='ocrx_word' id='word_1_311' title='bbox 279 3775 391 3844; x_wconf 82' lang='grc' dir='ltr'><strong>ἑγώ</strong></span> <span class='ocrx_word' id='word_1_312' title='bbox 428 3792 488 3829; x_wconf 92' lang='grc' dir='ltr'><strong>σε</strong></span> <span class='ocrx_word' id='word_1_313' title='bbox 516 3776 577 3828; x_wconf 83' lang='grc' dir='ltr'><strong>οὐ</strong></span> <span class='ocrx_word' id='word_1_314' title='bbox 607 3766 746 3828; x_wconf 80' lang='grc' dir='ltr'><strong>ποῖῶ</strong></span> <span class='ocrx_word' id='word_1_315' title='bbox 776 3777 992 3847; x_wconf 75' lang='grc' dir='ltr'><strong>ἀχρεῖον</strong></span> <span class='ocrx_word' id='word_1_316' title='bbox 1010 3794 1026 3809; x_wconf 78' lang='grc' dir='ltr'><strong>ο</strong></span> <span class='ocrx_word' id='word_1_317' title='bbox 1056 3780 1121 3832; x_wconf 83' lang='grc' dir='ltr'><strong>σὺ</strong></span> <span class='ocrx_word' id='word_1_318' title='bbox 1148 3778 1245 3831; x_wconf 80' lang='grc' dir='ltr'><strong>ἑάν</strong></span> <span class='ocrx_word' id='word_1_319' title='bbox 1271 3766 1618 3852; x_wconf 75' lang='grc' dir='ltr'><strong>ὁμολογήσῃς</strong></span> <span class='ocrx_word' id='word_1_320' title='bbox 1649 3780 1747 3852; x_wconf 80' lang='grc' dir='ltr'><strong>τὴν</strong></span> 
     </span>
    </p>
   </div>
   <div class='ocr_carea' id='block_1_42' title="bbox 162 3856 1747 3932">
    <p class='ocr_par' dir='ltr' id='par_1_42' title="bbox 162 3856 1747 3932">
     <span class='ocr_line' id='line_1_42' title="bbox 162 3856 1747 3932; baseline 0.003 -19"><span class='ocrx_word' id='word_1_321' title='bbox 162 3858 445 3913; x_wconf 79' lang='grc' dir='ltr'><strong>εὐτέλειαν</strong></span> <span class='ocrx_word' id='word_1_322' title='bbox 488 3858 587 3929; x_wconf 80' lang='grc' dir='ltr'><strong>τὴν</strong></span> <span class='ocrx_word' id='word_1_323' title='bbox 621 3858 873 3924; x_wconf 82' lang='grc' dir='ltr'><strong>σεαυτοῦ,</strong></span> <span class='ocrx_word' id='word_1_324' title='bbox 918 3856 1032 3928; x_wconf 82' lang='grc' dir='ltr'><strong>ἐγώ</strong></span> <span class='ocrx_word' id='word_1_325' title='bbox 1061 3868 1141 3913; x_wconf 74' lang='grc' dir='ltr'><strong>’σε</strong></span> <span class='ocrx_word' id='word_1_326' title='bbox 1188 3859 1439 3932; x_wconf 86' lang='grc' dir='ltr'><strong>λαμπρὸν</strong></span> <span class='ocrx_word' id='word_1_327' title='bbox 1477 3862 1617 3917; x_wconf 84' lang='grc' dir='ltr'><strong>ποιῶ</strong></span> <span class='ocrx_word' id='word_1_328' title='bbox 1653 3864 1747 3917; x_wconf 77' lang='grc' dir='ltr'><strong>καὶ</strong></span> 
     </span>
    </p>
   </div>
   <div class='ocr_carea' id='block_1_43' title="bbox 161 3959 438 4011">
    <p class='ocr_par' dir='ltr' id='par_1_43' title="bbox 161 3959 438 4011">
     <span class='ocr_line' id='line_1_43' title="bbox 161 3959 438 4011; baseline -0.007 -14"><span class='ocrx_word' id='word_1_329' title='bbox 161 3959 438 4011; x_wconf 76' lang='grc' dir='ltr'><strong>στεφανῶ.</strong></span> 
     </span>
    </p>
   </div>
   <div class='ocr_carea' id='block_1_44' title="bbox 246 4022 1746 4099">
    <p class='ocr_par' dir='ltr' id='par_1_44' title="bbox 246 4022 1746 4099">
     <span class='ocr_line' id='line_1_44' title="bbox 246 4022 1746 4099; baseline 0.003 -21"><span class='ocrx_word' id='word_1_330' title='bbox 246 4026 416 4095; x_wconf 48' lang='lat'><strong>&#39;09:;</strong></span> <span class='ocrx_word' id='word_1_331' title='bbox 440 4022 529 4077; x_wconf 90' lang='grc' dir='ltr'><strong>διὰ</strong></span> <span class='ocrx_word' id='word_1_332' title='bbox 552 4024 732 4079; x_wconf 82' lang='grc' dir='ltr'><strong>πόσων</strong></span> <span class='ocrx_word' id='word_1_333' title='bbox 766 4027 900 4096; x_wconf 88' lang='grc' dir='ltr'><strong>ἡμῖν</strong></span> <span class='ocrx_word' id='word_1_334' title='bbox 927 4025 1304 4082; x_wconf 79' lang='grc' dir='ltr'><strong>ἀποδέδεικται</strong></span> <span class='ocrx_word' id='word_1_335' title='bbox 1328 4027 1521 4099; x_wconf 85' lang='grc' dir='ltr'><strong>κέρδος</strong></span> <span class='ocrx_word' id='word_1_336' title='bbox 1548 4027 1746 4099; x_wconf 79' lang='grc' dir='ltr'><strong>ἔχουσα</strong></span> 
     </span>
    </p>
   </div>
   <div class='ocr_carea' id='block_1_45' title="bbox 159 4107 1746 4184">
    <p class='ocr_par' dir='ltr' id='par_1_45' title="bbox 159 4107 1746 4184">
     <span class='ocr_line' id='line_1_45' title="bbox 159 4107 1746 4184; baseline 0.003 -23"><span class='ocrx_word' id='word_1_337' title='bbox 159 4107 274 4162; x_wconf 81' lang='grc' dir='ltr'><strong>τῶν</strong></span> <span class='ocrx_word' id='word_1_338' title='bbox 302 4108 719 4177; x_wconf 82' lang='grc' dir='ltr'><strong>ἁμαρτημάτων</strong></span> <span class='ocrx_word' id='word_1_339' title='bbox 744 4110 779 4179; x_wconf 88' lang='grc' dir='ltr'><strong>ἡ</strong></span> <span class='ocrx_word' id='word_1_340' title='bbox 814 4110 1025 4180; x_wconf 85' lang='grc' dir='ltr'><strong>μνήμη,</strong></span> <span class='ocrx_word' id='word_1_341' title='bbox 1062 4110 1157 4162; x_wconf 63' lang='grc' dir='ltr'><strong>καὶ⁵</strong></span> <span class='ocrx_word' id='word_1_342' title='bbox 1181 4110 1379 4180; x_wconf 75' lang='grc' dir='ltr'><strong>βλάϐος</strong></span> <span class='ocrx_word' id='word_1_343' title='bbox 1402 4111 1513 4165; x_wconf 88' lang='grc' dir='ltr'><strong>τῶν</strong></span> <span class='ocrx_word' id='word_1_344' title='bbox 1546 4128 1746 4184; x_wconf 81' lang='grc' dir='ltr'><strong>κατορ-</strong></span> 
     </span>
    </p>
   </div>
   <div class='ocr_carea' id='block_1_46' title="bbox 162 4190 1747 4262">
    <p class='ocr_par' dir='ltr' id='par_1_46' title="bbox 162 4190 1747 4262">
     <span class='ocr_line' id='line_1_46' title="bbox 162 4190 1747 4262; baseline 0.004 -18"><span class='ocrx_word' id='word_1_345' title='bbox 162 4190 435 4260; x_wconf 78' lang='grc' dir='ltr'><strong>θω;.ιάτων</strong></span> <span class='ocrx_word' id='word_1_346' title='bbox 470 4192 503 4261; x_wconf 89' lang='grc' dir='ltr'><strong>ἡ</strong></span> <span class='ocrx_word' id='word_1_347' title='bbox 536 4192 723 4262; x_wconf 88' lang='grc' dir='ltr'><strong>μνήμη</strong></span> <span class='ocrx_word' id='word_1_348' title='bbox 744 4231 759 4255; x_wconf 95' lang='grc'><strong>,</strong></span> <span class='ocrx_word' id='word_1_349' title='bbox 805 4192 898 4244; x_wconf 72' lang='grc' dir='ltr'><strong>καὶ</strong></span> <span class='ocrx_word' id='word_1_350' title='bbox 943 4191 1253 4247; x_wconf 85' lang='grc' dir='ltr'><strong>τούναντίον</strong></span> <span class='ocrx_word' id='word_1_351' title='bbox 1296 4194 1488 4259; x_wconf 85' lang='grc' dir='ltr'><strong>πάλιν,</strong></span> <span class='ocrx_word' id='word_1_352' title='bbox 1523 4196 1747 4260; x_wconf 86' lang='grc' dir='ltr'><strong>κόλασις</strong></span> 
     </span>
    </p>
   </div>
   <div class='ocr_carea' id='block_1_47' title="bbox 164 4272 1745 4347">
    <p class='ocr_par' dir='ltr' id='par_1_47' title="bbox 164 4272 1745 4347">
     <span class='ocr_line' id='line_1_47' title="bbox 164 4272 1745 4347; baseline 0.006 -24"><span class='ocrx_word' id='word_1_353' title='bbox 164 4273 267 4343; x_wconf 82' lang='grc' dir='ltr'><strong>μὲν</strong></span> <span class='ocrx_word' id='word_1_354' title='bbox 305 4273 416 4327; x_wconf 87' lang='grc' dir='ltr'><strong>ἀπὸ</strong></span> <span class='ocrx_word' id='word_1_355' title='bbox 441 4273 541 4343; x_wconf 85' lang='grc' dir='ltr'><strong>τῆς</strong></span> <span class='ocrx_word' id='word_1_356' title='bbox 581 4272 750 4343; x_wconf 83' lang='grc' dir='ltr'><strong>λήθης</strong></span> <span class='ocrx_word' id='word_1_357' title='bbox 786 4274 897 4327; x_wconf 87' lang='grc' dir='ltr'><strong>τῶν</strong></span> <span class='ocrx_word' id='word_1_358' title='bbox 931 4276 1366 4346; x_wconf 87' lang='grc' dir='ltr'><strong>ἁμαρτημάτων,</strong></span> <span class='ocrx_word' id='word_1_359' title='bbox 1407 4278 1652 4347; x_wconf 83' lang='grc' dir='ltr'><strong>ὠφέλεια</strong></span> <span class='ocrx_word' id='word_1_360' title='bbox 1686 4280 1745 4332; x_wconf 83' lang='grc' dir='ltr'><strong>δὲ</strong></span> 
     </span>
    </p>
   </div>
   <div class='ocr_carea' id='block_1_48' title="bbox 161 4354 1740 4432">
    <p class='ocr_par' dir='ltr' id='par_1_48' title="bbox 161 4354 1740 4432">
     <span class='ocr_line' id='line_1_48' title="bbox 161 4354 1740 4432; baseline 0.003 -26"><span class='ocrx_word' id='word_1_361' title='bbox 161 4356 276 4407; x_wconf 89' lang='grc' dir='ltr'><strong>ἀπὸ</strong></span> <span class='ocrx_word' id='word_1_362' title='bbox 308 4357 408 4425; x_wconf 86' lang='grc' dir='ltr'><strong>τῆς</strong></span> <span class='ocrx_word' id='word_1_363' title='bbox 446 4354 617 4427; x_wconf 83' lang='grc' dir='ltr'><strong>λήθης</strong></span> <span class='ocrx_word' id='word_1_364' title='bbox 645 4355 756 4408; x_wconf 89' lang='grc' dir='ltr'><strong>τῶν</strong></span> <span class='ocrx_word' id='word_1_365' title='bbox 796 4357 1238 4427; x_wconf 85' lang='grc' dir='ltr'><strong>κατορθωμάτων</strong></span> <span class='ocrx_word' id='word_1_366' title='bbox 1280 4360 1412 4430; x_wconf 85' lang='grc' dir='ltr'><strong>ἡμῖν</strong></span> <span class='ocrx_word' id='word_1_367' title='bbox 1449 4361 1740 4432; x_wconf 84' lang='grc' dir='ltr'><strong>γινομένη;</strong></span> 
     </span>
    </p>
   </div>
   <div class='ocr_carea' id='block_1_49' title="bbox 162 4437 1744 4513">
    <p class='ocr_par' dir='ltr' id='par_1_49' title="bbox 162 4437 1744 4513">
     <span class='ocr_line' id='line_1_49' title="bbox 162 4437 1744 4513; baseline 0.005 -24"><span class='ocrx_word' id='word_1_368' title='bbox 162 4437 356 4490; x_wconf 78' lang='grc' dir='ltr'><strong>Βούλει</strong></span> <span class='ocrx_word' id='word_1_369' title='bbox 380 4437 572 4508; x_wconf 81' lang='grc' dir='ltr'><strong>μαθεῖν</strong></span> <span class='ocrx_word' id='word_1_370' title='bbox 600 4438 697 4491; x_wconf 70' lang='grc' dir='ltr'><strong>καί¹</strong></span> <span class='ocrx_word' id='word_1_371' title='bbox 720 4438 986 4509; x_wconf 77' lang='grc' dir='ltr'><strong>ἑτέρωθεν</strong></span> <span class='ocrx_word' id='word_1_372' title='bbox 1017 4440 1100 4493; x_wconf 83' lang='grc' dir='ltr'><strong>ὅτι</strong></span> <span class='ocrx_word' id='word_1_373' title='bbox 1129 4440 1463 4512; x_wconf 85' lang='grc' dir='ltr'><strong>κατόρθωμα</strong></span> <span class='ocrx_word' id='word_1_374' title='bbox 1489 4444 1744 4513; x_wconf 74' lang='grc' dir='ltr'><strong>μέγιστον</strong></span> 
     </span>
    </p>
   </div>
   <div class='ocr_carea' id='block_1_50' title="bbox 160 4518 1738 4590">
    <p class='ocr_par' dir='ltr' id='par_1_50' title="bbox 160 4518 1738 4590">
     <span class='ocr_line' id='line_1_50' title="bbox 160 4518 1738 4590; baseline 0.004 -17"><span class='ocrx_word' id='word_1_375' title='bbox 160 4521 226 4573; x_wconf 88' lang='grc' dir='ltr'><strong>τὸ</strong></span> <span class='ocrx_word' id='word_1_376' title='bbox 288 4518 597 4589; x_wconf 84' lang='grc' dir='ltr'><strong>μεμνῆσθαι</strong></span> <span class='ocrx_word' id='word_1_377' title='bbox 648 4521 1095 4590; x_wconf 86' lang='grc' dir='ltr'><strong>ἁμαρτημάτων;</strong></span> <span class='ocrx_word' id='word_1_378' title='bbox 1142 4522 1407 4576; x_wconf 73' lang='grc' dir='ltr'><strong>⁸Ἄκουσον</strong></span> <span class='ocrx_word' id='word_1_379' title='bbox 1453 4525 1548 4578; x_wconf 89' lang='grc' dir='ltr'><strong>τοῦ</strong></span> <span class='ocrx_word' id='word_1_380' title='bbox 1600 4526 1738 4582; x_wconf 72' lang='grc' dir='ltr'><strong>Ίώῦ.</strong></span> 
     </span>
    </p>
   </div>
   <div class='ocr_carea' id='block_1_51' title="bbox 161 4601 1741 4681">
    <p class='ocr_par' dir='ltr' id='par_1_51' title="bbox 161 4601 1741 4681">
     <span class='ocr_line' id='line_1_51' title="bbox 161 4601 1741 4681; baseline 0.006 -28"><span class='ocrx_word' id='word_1_381' title='bbox 161 4601 379 4671; x_wconf 81' lang='grc' dir='ltr'><strong>Ὠσπερ</strong></span> <span class='ocrx_word' id='word_1_382' title='bbox 409 4602 518 4672; x_wconf 78' lang='grc' dir='ltr'><strong>γάρ</strong></span> <span class='ocrx_word' id='word_1_383' title='bbox 546 4601 639 4655; x_wconf 81' lang='lat'><em>61:1</em></span> <span class='ocrx_word' id='word_1_384' title='bbox 680 4605 793 4667; x_wconf 88' lang='grc' dir='ltr'><strong>τοῖς</strong></span> <span class='ocrx_word' id='word_1_385' title='bbox 833 4602 1013 4666; x_wconf 82' lang='grc' dir='ltr'><strong>ἀλλοις</strong></span> <span class='ocrx_word' id='word_1_386' title='bbox 1043 4603 1468 4671; x_wconf 81' lang='grc' dir='ltr'><strong>ἐκαλλωπίζετο,</strong></span> <span class='ocrx_word' id='word_1_387' title='bbox 1502 4607 1645 4662; x_wconf 81' lang='grc' dir='ltr'><strong>οὔτω</strong></span> <span class='ocrx_word' id='word_1_388' title='bbox 1677 4610 1741 4681; x_wconf 77' lang='grc' dir='ltr'><strong>δὴ</strong></span> 
     </span>
    </p>
   </div>
   <div class='ocr_carea' id='block_1_52' title="bbox 161 4683 1742 4759">
    <p class='ocr_par' dir='ltr' id='par_1_52' title="bbox 161 4683 1742 4759">
     <span class='ocr_line' id='line_1_52' title="bbox 161 4683 1742 4759; baseline 0.006 -23"><span class='ocrx_word' id='word_1_389' title='bbox 161 4685 259 4738; x_wconf 79' lang='grc' dir='ltr'><strong>καὶ</strong></span> <span class='ocrx_word' id='word_1_390' title='bbox 292 4686 385 4737; x_wconf 81' lang='grc' dir='ltr'><strong>ἐπὶ</strong></span> <span class='ocrx_word' id='word_1_391' title='bbox 417 4687 484 4755; x_wconf 79' lang='grc' dir='ltr'><strong>τῇ</strong></span> <span class='ocrx_word' id='word_1_392' title='bbox 508 4683 896 4755; x_wconf 70' lang='grc' dir='ltr'><strong>ἐξομολογήσει</strong></span> <span class='ocrx_word' id='word_1_393' title='bbox 924 4686 1033 4739; x_wconf 88' lang='grc' dir='ltr'><strong>τῶν</strong></span> <span class='ocrx_word' id='word_1_394' title='bbox 1074 4686 1510 4759; x_wconf 82' lang='grc' dir='ltr'><strong>ἁμαρτημάτων,</strong></span> <span class='ocrx_word' id='word_1_395' title='bbox 1542 4692 1742 4745; x_wconf 78' lang='grc' dir='ltr'><strong>οὑτωσὶ</strong></span> 
     </span>
    </p>
   </div>
   <div class='ocr_carea' id='block_1_53' title="bbox 159 4765 1743 4841">
    <p class='ocr_par' dir='ltr' id='par_1_53' title="bbox 159 4765 1743 4841">
     <span class='ocr_line' id='line_1_53' title="bbox 159 4765 1743 4841; baseline 0.006 -23"><span class='ocrx_word' id='word_1_396' title='bbox 159 4766 375 4833; x_wconf 81' lang='grc' dir='ltr'><strong>λέγων⁸</strong></span> <span class='ocrx_word' id='word_1_397' title='bbox 412 4769 483 4821; x_wconf 84' lang='grc' dir='ltr'><strong>Εἰ</strong></span> <span class='ocrx_word' id='word_1_398' title='bbox 528 4765 597 4819; x_wconf 79' lang='grc' dir='ltr'><strong>δὲ</strong></span> <span class='ocrx_word' id='word_1_399' title='bbox 629 4767 729 4820; x_wconf 76' lang='grc' dir='ltr'><strong>καὶ</strong></span> <span class='ocrx_word' id='word_1_400' title='bbox 766 4766 1042 4837; x_wconf 79' lang='grc' dir='ltr'><strong>ἁμαρτὼν</strong></span> <span class='ocrx_word' id='word_1_401' title='bbox 1079 4769 1374 4836; x_wconf 79' lang='grc' dir='ltr'><strong>ἑκουσίως</strong></span> <span class='ocrx_word' id='word_1_402' title='bbox 1415 4770 1743 4841; x_wconf 74' lang='grc' dir='ltr'><strong>ὃιετράπην</strong></span> 
     </span>
    </p>
   </div>
   <div class='ocr_carea' id='block_1_54' title="bbox 161 4848 1743 4922">
    <p class='ocr_par' dir='ltr' id='par_1_54' title="bbox 161 4848 1743 4922">
     <span class='ocr_line' id='line_1_54' title="bbox 161 4848 1743 4922; baseline 0.006 -22"><span class='ocrx_word' id='word_1_403' title='bbox 161 4848 547 4915; x_wconf 77' lang='grc' dir='ltr'><strong>πο.ἰυοχλίαν</strong></span> <span class='ocrx_word' id='word_1_404' title='bbox 593 4848 746 4902; x_wconf 75' lang='grc' dir='ltr'><strong>λαοῦ</strong></span> <span class='ocrx_word' id='word_1_405' title='bbox 794 4867 936 4918; x_wconf 81' lang='grc' dir='ltr'><strong>μου,</strong></span> <span class='ocrx_word' id='word_1_406' title='bbox 983 4849 1090 4903; x_wconf 81' lang='grc' dir='ltr'><strong>τοῦ</strong></span> <span class='ocrx_word' id='word_1_407' title='bbox 1123 4851 1210 4920; x_wconf 70' lang='grc' dir='ltr'><strong>μὴ</strong></span> <span class='ocrx_word' id='word_1_408' title='bbox 1253 4852 1594 4922; x_wconf 72' lang='grc' dir='ltr'><strong>ἐξαγγεῖλαι</strong></span> <span class='ocrx_word' id='word_1_409' title='bbox 1636 4854 1743 4921; x_wconf 86' lang='grc' dir='ltr'><strong>τὰς</strong></span> 
     </span>
    </p>
   </div>
   <div class='ocr_carea' id='block_1_55' title="bbox 160 4926 1741 5001">
    <p class='ocr_par' dir='ltr' id='par_1_55' title="bbox 160 4926 1741 5001">
     <span class='ocr_line' id='line_1_55' title="bbox 160 4926 1741 5001; baseline 0.004 -17"><span class='ocrx_word' id='word_1_410' title='bbox 160 4932 453 5001; x_wconf 77' lang='grc' dir='ltr'><strong>ἁμαρτίας</strong></span> <span class='ocrx_word' id='word_1_411' title='bbox 473 4948 614 4999; x_wconf 80' lang='grc' dir='ltr'><strong>μου.</strong></span> <span class='ocrx_word' id='word_1_412' title='bbox 651 4926 718 4985; x_wconf 80' lang='grc' dir='ltr'>Ὃ</span> <span class='ocrx_word' id='word_1_413' title='bbox 740 4931 798 4984; x_wconf 84' lang='grc' dir='ltr'><strong>δὲ</strong></span> <span class='ocrx_word' id='word_1_414' title='bbox 821 4932 971 5000; x_wconf 83' lang='grc' dir='ltr'><strong>λέγει</strong></span> <span class='ocrx_word' id='word_1_415' title='bbox 1002 4933 1241 4986; x_wconf 82' lang='grc' dir='ltr'><strong>τοιοῦτόν</strong></span> <span class='ocrx_word' id='word_1_416' title='bbox 1272 4935 1420 4988; x_wconf 77' lang='grc' dir='ltr'><strong>ἐστιν</strong></span> <span class='ocrx_word' id='word_1_417' title='bbox 1441 4952 1455 4966; x_wconf 76' lang='grc' dir='ltr'><strong>ο</strong></span> <span class='ocrx_word' id='word_1_418' title='bbox 1487 4937 1741 4991; x_wconf 83' lang='grc' dir='ltr'><strong>οὐδέποτέ</strong></span> 
     </span>
    </p>
   </div>
   <div class='ocr_carea' id='block_1_56' title="bbox 167 5011 1741 5089">
    <p class='ocr_par' dir='ltr' id='par_1_56' title="bbox 167 5011 1741 5089">
     <span class='ocr_line' id='line_1_56' title="bbox 167 5011 1741 5089; baseline 0.005 -24"><span class='ocrx_word' id='word_1_419' title='bbox 167 5029 236 5083; x_wconf 90' lang='grc' dir='ltr'><strong>με</strong></span> <span class='ocrx_word' id='word_1_420' title='bbox 276 5011 532 5080; x_wconf 83' lang='grc' dir='ltr'><strong>σύλλογος</strong></span> <span class='ocrx_word' id='word_1_421' title='bbox 566 5013 677 5065; x_wconf 91' lang='grc' dir='ltr'><strong>τῶν</strong></span> <span class='ocrx_word' id='word_1_422' title='bbox 707 5014 1002 5067; x_wconf 85' lang='grc' dir='ltr'><strong>συνδούλων</strong></span> <span class='ocrx_word' id='word_1_423' title='bbox 1036 5016 1116 5079; x_wconf 86' lang='grc' dir='ltr'><strong>εἰς</strong></span> <span class='ocrx_word' id='word_1_424' title='bbox 1146 5018 1408 5089; x_wconf 84' lang='grc' dir='ltr'><strong>αἰσχύνην</strong></span> <span class='ocrx_word' id='word_1_425' title='bbox 1428 5019 1635 5088; x_wconf 78' lang='grc' dir='ltr'><strong>ἡγαγε.</strong></span> <span class='ocrx_word' id='word_1_426' title='bbox 1676 5021 1741 5073; x_wconf 91' lang='grc' dir='ltr'><strong>Τί</strong></span> 
     </span>
    </p>
   </div>
   <div class='ocr_carea' id='block_1_57' title="bbox 161 5094 1739 5177">
    <p class='ocr_par' dir='ltr' id='par_1_57' title="bbox 161 5094 1739 5177">
     <span class='ocr_line' id='line_1_57' title="bbox 161 5094 1739 5177; baseline 0.007 -32"><span class='ocrx_word' id='word_1_427' title='bbox 161 5096 272 5166; x_wconf 74' lang='grc' dir='ltr'><strong>γάρ</strong></span> <span class='ocrx_word' id='word_1_428' title='bbox 294 5094 491 5177; x_wconf 76' lang='grc' dir='ltr'><strong>ὄφελος</strong></span> <span class='ocrx_word' id='word_1_429' title='bbox 512 5098 576 5147; x_wconf 83' lang='grc' dir='ltr'><strong>ἑκ</strong></span> <span class='ocrx_word' id='word_1_430' title='bbox 600 5096 699 5164; x_wconf 83' lang='grc' dir='ltr'><strong>τῆς</strong></span> <span class='ocrx_word' id='word_1_431' title='bbox 723 5097 946 5165; x_wconf 85' lang='grc' dir='ltr'><strong>ἀγνοίας</strong></span> <span class='ocrx_word' id='word_1_432' title='bbox 963 5097 1071 5150; x_wconf 87' lang='grc' dir='ltr'><strong>τῶν</strong></span> <span class='ocrx_word' id='word_1_433' title='bbox 1096 5098 1418 5168; x_wconf 89' lang='grc' dir='ltr'><strong>ἀνθρώπων,</strong></span> <span class='ocrx_word' id='word_1_434' title='bbox 1436 5101 1529 5154; x_wconf 89' lang='grc' dir='ltr'><strong>τοῦ</strong></span> <span class='ocrx_word' id='word_1_435' title='bbox 1552 5104 1739 5172; x_wconf 82' lang='grc' dir='ltr'><strong>κριτοῦ</strong></span> 
     </span>
    </p>
   </div>
   <div class='ocr_carea' id='block_1_58' title="bbox 163 5176 1739 5248">
    <p class='ocr_par' dir='ltr' id='par_1_58' title="bbox 163 5176 1739 5248">
     <span class='ocr_line' id='line_1_58' title="bbox 163 5176 1739 5248; baseline 0.004 -18"><span class='ocrx_word' id='word_1_436' title='bbox 163 5178 341 5230; x_wconf 76' lang='grc' dir='ltr'><strong>πάντα</strong></span> <span class='ocrx_word' id='word_1_437' title='bbox 374 5176 607 5243; x_wconf 82' lang='grc' dir='ltr'><strong>εἰδότος;</strong></span> <span class='ocrx_word' id='word_1_438' title='bbox 638 5178 691 5229; x_wconf 88' lang='grc' dir='ltr'><strong>τί</strong></span> <span class='ocrx_word' id='word_1_439' title='bbox 724 5178 780 5231; x_wconf 86' lang='lat'><strong>66</strong></span> <span class='ocrx_word' id='word_1_440' title='bbox 810 5178 1004 5247; x_wconf 75' lang='grc' dir='ltr'><strong>βλάϐος</strong></span> <span class='ocrx_word' id='word_1_441' title='bbox 1040 5182 1103 5232; x_wconf 82' lang='grc' dir='ltr'><strong>ἐκ</strong></span> <span class='ocrx_word' id='word_1_442' title='bbox 1140 5181 1234 5233; x_wconf 79' lang='grc' dir='ltr'><strong>τοῦ</strong></span> <span class='ocrx_word' id='word_1_443' title='bbox 1268 5182 1467 5236; x_wconf 80' lang='grc' dir='ltr'><strong>εἰδέναι</strong></span> <span class='ocrx_word' id='word_1_444' title='bbox 1510 5185 1739 5248; x_wconf 81' lang='grc' dir='ltr'><strong>τούτους</strong></span> 
     </span>
    </p>
   </div>
   <div class='ocr_carea' id='block_1_59' title="bbox 158 5257 1738 5339">
    <p class='ocr_par' dir='ltr' id='par_1_59' title="bbox 158 5257 1738 5339">
     <span class='ocr_line' id='line_1_59' title="bbox 158 5257 1738 5339; baseline 0.006 -28"><span class='ocrx_word' id='word_1_445' title='bbox 158 5258 231 5311; x_wconf 88' lang='grc' dir='ltr'><strong>τά</strong></span> <span class='ocrx_word' id='word_1_446' title='bbox 261 5257 774 5328; x_wconf 82' lang='grc' dir='ltr'><strong>πεπλημμελημένα</strong></span> <span class='ocrx_word' id='word_1_447' title='bbox 795 5302 809 5325; x_wconf 92' lang='grc'><strong>,</strong></span> <span class='ocrx_word' id='word_1_448' title='bbox 842 5263 970 5315; x_wconf 86' lang='grc' dir='ltr'><strong>ὅταν</strong></span> <span class='ocrx_word' id='word_1_449' title='bbox 1011 5264 1215 5325; x_wconf 78' lang='grc' dir='ltr'><strong>ἐκεῖνος</strong></span> <span class='ocrx_word' id='word_1_450' title='bbox 1242 5264 1514 5319; x_wconf 80' lang='grc' dir='ltr'><strong>ἀπολῦσαι</strong></span> <span class='ocrx_word' id='word_1_451' title='bbox 1542 5266 1738 5339; x_wconf 84' lang='grc' dir='ltr'><strong>βούλη-</strong></span> 
     </span>
    </p>
   </div>
   <div class='ocr_carea' id='block_1_60' title="bbox 160 5341 1739 5421">
    <p class='ocr_par' dir='ltr' id='par_1_60' title="bbox 160 5341 1739 5421">
     <span class='ocr_line' id='line_1_60' title="bbox 160 5341 1739 5421; baseline 0.006 -27"><span class='ocrx_word' id='word_1_452' title='bbox 160 5357 253 5394; x_wconf 84' lang='grc' dir='ltr'><strong>ται</strong></span> <span class='ocrx_word' id='word_1_453' title='bbox 278 5342 376 5410; x_wconf 87' lang='grc' dir='ltr'><strong>τῆς</strong></span> <span class='ocrx_word' id='word_1_454' title='bbox 407 5341 592 5411; x_wconf 86' lang='grc' dir='ltr'><strong>δίκης;</strong></span> <span class='ocrx_word' id='word_1_455' title='bbox 625 5342 744 5395; x_wconf 77' lang='grc' dir='ltr'><strong>Κᾶν</strong></span> <span class='ocrx_word' id='word_1_456' title='bbox 773 5345 972 5407; x_wconf 88' lang='grc' dir='ltr'><strong>πάντες</strong></span> <span class='ocrx_word' id='word_1_457' title='bbox 998 5346 1309 5410; x_wconf 81' lang='grc' dir='ltr'><strong>δικάζωσιν,</strong></span> <span class='ocrx_word' id='word_1_458' title='bbox 1340 5351 1368 5401; x_wconf 91' lang='lat'><strong>6</strong></span> <span class='ocrx_word' id='word_1_459' title='bbox 1395 5349 1455 5401; x_wconf 78' lang='grc' dir='ltr'><strong>δὲ</strong></span> <span class='ocrx_word' id='word_1_460' title='bbox 1479 5350 1739 5421; x_wconf 77' lang='grc' dir='ltr'><strong>δικαστὴς</strong></span> 
     </span>
    </p>
   </div>
   <div class='ocr_carea' id='block_1_61' title="bbox 162 5423 1735 5504">
    <p class='ocr_par' dir='ltr' id='par_1_61' title="bbox 162 5423 1735 5504">
     <span class='ocr_line' id='line_1_61' title="bbox 162 5423 1735 5504; baseline 0.006 -27"><span class='ocrx_word' id='word_1_461' title='bbox 162 5423 596 5495; x_wconf 67' lang='grc' dir='ltr'><strong>ἀποψηφίσηται,</strong></span> <span class='ocrx_word' id='word_1_462' title='bbox 639 5425 813 5490; x_wconf 75' lang='grc' dir='ltr'><strong>οὐδείς</strong></span> <span class='ocrx_word' id='word_1_463' title='bbox 843 5446 933 5496; x_wconf 83' lang='grc' dir='ltr'><strong>μοι</strong></span> <span class='ocrx_word' id='word_1_464' title='bbox 960 5428 1117 5495; x_wconf 80' lang='grc' dir='ltr'><strong>λόγος</strong></span> <span class='ocrx_word' id='word_1_465' title='bbox 1145 5430 1243 5499; x_wconf 78' lang='grc' dir='ltr'><strong>τῆς</strong></span> <span class='ocrx_word' id='word_1_466' title='bbox 1272 5432 1495 5485; x_wconf 71' lang='grc' dir='ltr'><strong>ἐκείνων</strong></span> <span class='ocrx_word' id='word_1_467' title='bbox 1518 5433 1702 5504; x_wconf 75' lang='grc' dir='ltr'><strong>ψήφου</strong></span> <span class='ocrx_word' id='word_1_468' title='bbox 1721 5453 1735 5466; x_wconf 90' lang='grc'><strong>·</strong></span> 
     </span>
    </p>
   </div>
   <div class='ocr_carea' id='block_1_62' title="bbox 160 5504 1737 5580">
    <p class='ocr_par' dir='ltr' id='par_1_62' title="bbox 160 5504 1737 5580">
     <span class='ocr_line' id='line_1_62' title="bbox 160 5504 1737 5580; baseline 0.008 -23"><span class='ocrx_word' id='word_1_469' title='bbox 160 5504 265 5558; x_wconf 82' lang='grc' dir='ltr'><strong>κάν</strong></span> <span class='ocrx_word' id='word_1_470' title='bbox 290 5506 530 5569; x_wconf 76' lang='grc' dir='ltr'><strong>ἅπαντες</strong></span> <span class='ocrx_word' id='word_1_471' title='bbox 557 5509 885 5563; x_wconf 71' lang='grc' dir='ltr'><strong>ἐπαινέσωσι</strong></span> <span class='ocrx_word' id='word_1_472' title='bbox 912 5512 1004 5564; x_wconf 71' lang='grc' dir='ltr'><strong>καὶ</strong></span> <span class='ocrx_word' id='word_1_473' title='bbox 1033 5511 1406 5580; x_wconf 84' lang='grc' dir='ltr'><strong>θαυμάσωσιν,</strong></span> <span class='ocrx_word' id='word_1_474' title='bbox 1440 5518 1648 5580; x_wconf 80' lang='grc' dir='ltr'><strong>ἐκεῖνος</strong></span> <span class='ocrx_word' id='word_1_475' title='bbox 1680 5518 1737 5570; x_wconf 83' lang='grc' dir='ltr'><strong>δέ</strong></span> 
     </span>
    </p>
   </div>
   <div class='ocr_carea' id='block_1_63' title="bbox 163 5588 1738 5669">
    <p class='ocr_par' dir='ltr' id='par_1_63' title="bbox 163 5588 1738 5669">
     <span class='ocr_line' id='line_1_63' title="bbox 163 5588 1738 5669; baseline 0.01 -31"><span class='ocrx_word' id='word_1_476' title='bbox 163 5605 231 5657; x_wconf 85' lang='grc' dir='ltr'><strong>με</strong></span> <span class='ocrx_word' id='word_1_477' title='bbox 260 5588 629 5662; x_wconf 78' lang='grc' dir='ltr'><strong>καταδικάζῃ,</strong></span> <span class='ocrx_word' id='word_1_478' title='bbox 666 5592 818 5646; x_wconf 77' lang='grc' dir='ltr'><strong>οὐδέν</strong></span> <span class='ocrx_word' id='word_1_479' title='bbox 857 5611 946 5664; x_wconf 90' lang='grc' dir='ltr'><strong>μοι</strong></span> <span class='ocrx_word' id='word_1_480' title='bbox 986 5596 1148 5649; x_wconf 82' lang='grc' dir='ltr'><strong>πάλιν</strong></span> <span class='ocrx_word' id='word_1_481' title='bbox 1177 5595 1368 5664; x_wconf 71' lang='grc' dir='ltr'><strong>ὄφελος</strong></span> <span class='ocrx_word' id='word_1_482' title='bbox 1389 5601 1487 5669; x_wconf 78' lang='grc' dir='ltr'><strong>τῆς</strong></span> <span class='ocrx_word' id='word_1_483' title='bbox 1512 5600 1738 5653; x_wconf 84' lang='grc' dir='ltr'><strong>ἐκείνων</strong></span> 
     </span>
    </p>
   </div>
   <div class='ocr_carea' id='block_1_64' title="bbox 161 5673 1737 5755">
    <p class='ocr_par' dir='ltr' id='par_1_64' title="bbox 161 5673 1737 5755">
     <span class='ocr_line' id='line_1_64' title="bbox 161 5673 1737 5755; baseline 0.01 -32"><span class='ocrx_word' id='word_1_484' title='bbox 161 5673 415 5741; x_wconf 84' lang='grc' dir='ltr'><strong>κρίσεως.</strong></span> <span class='ocrx_word' id='word_1_485' title='bbox 444 5673 726 5745; x_wconf 84' lang='grc' dir='ltr'><strong>Πανταχοῦ</strong></span> <span class='ocrx_word' id='word_1_486' title='bbox 756 5677 863 5748; x_wconf 78' lang='grc' dir='ltr'><strong>γὰρ</strong></span> <span class='ocrx_word' id='word_1_487' title='bbox 895 5679 1030 5749; x_wconf 86' lang='grc' dir='ltr'><strong>πρὸς</strong></span> <span class='ocrx_word' id='word_1_488' title='bbox 1062 5680 1267 5733; x_wconf 79' lang='grc' dir='ltr'><strong>ἐκεῖνον</strong></span> <span class='ocrx_word' id='word_1_489' title='bbox 1308 5684 1441 5753; x_wconf 70' lang='grc' dir='ltr'><strong>ὁρᾷν</strong></span> <span class='ocrx_word' id='word_1_490' title='bbox 1473 5686 1601 5755; x_wconf 82' lang='grc' dir='ltr'><strong>χρὴ,</strong></span> <span class='ocrx_word' id='word_1_491' title='bbox 1642 5686 1737 5739; x_wconf 77' lang='grc' dir='ltr'><strong>καὶ</strong></span> 
     </span>
    </p>
   </div>
   <div class='ocr_carea' id='block_1_65' title="bbox 158 5755 1735 5835">
    <p class='ocr_par' dir='ltr' id='par_1_65' title="bbox 158 5755 1735 5835">
     <span class='ocr_line' id='line_1_65' title="bbox 158 5755 1735 5835; baseline 0.011 -30"><span class='ocrx_word' id='word_1_492' title='bbox 158 5755 321 5809; x_wconf 76' lang='grc' dir='ltr'><strong>ταὺτὸ</strong></span> <span class='ocrx_word' id='word_1_493' title='bbox 368 5760 542 5809; x_wconf 86' lang='grc' dir='ltr'><strong>ποιεῖν</strong></span> <span class='ocrx_word' id='word_1_494' title='bbox 572 5758 664 5811; x_wconf 77' lang='grc' dir='ltr'><strong>ἐπὶ</strong></span> <span class='ocrx_word' id='word_1_495' title='bbox 696 5758 803 5813; x_wconf 86' lang='grc' dir='ltr'><strong>τῶν</strong></span> <span class='ocrx_word' id='word_1_496' title='bbox 834 5762 1274 5830; x_wconf 75' lang='grc' dir='ltr'><strong>ἁμαρτημάτων,</strong></span> <span class='ocrx_word' id='word_1_497' title='bbox 1311 5766 1442 5835; x_wconf 74' lang='grc' dir='ltr'><strong>ὅπερ</strong></span> <span class='ocrx_word' id='word_1_498' title='bbox 1476 5768 1735 5832; x_wconf 73' lang='grc' dir='ltr'><strong>ποιοῦμεν</strong></span> 
     </span>
    </p>
   </div>
   <div class='ocr_carea' id='block_1_66' title="bbox 1064 373 2486 437">
    <p class='ocr_par' dir='ltr' id='par_1_66' title="bbox 1064 373 2486 437">
     <span class='ocr_line' id='line_1_66' title="bbox 1064 373 2486 437; baseline -0.001 -5"><span class='ocrx_word' id='word_1_499' title='bbox 1064 373 1199 432; x_wconf 74' lang='lat' dir='ltr'><strong>NON</strong></span> <span class='ocrx_word' id='word_1_500' title='bbox 1242 375 1413 431; x_wconf 74' lang='lat' dir='ltr'><strong>ESSE</strong></span> <span class='ocrx_word' id='word_1_501' title='bbox 1446 376 1538 431; x_wconf 81' lang='lat' dir='ltr'><strong>AD</strong></span> <span class='ocrx_word' id='word_1_502' title='bbox 1574 375 1889 433; x_wconf 71' lang='lat' dir='ltr'><strong>GRATIAM</strong></span> <span class='ocrx_word' id='word_1_503' title='bbox 1922 374 2486 437; x_wconf 72' lang='lat' dir='ltr'><strong>CQNCIONANDCM.</strong></span> 
     </span>
    </p>
   </div>
   <div class='ocr_carea' id='block_1_67' title="bbox 3310 370 3416 428">
    <p class='ocr_par' dir='ltr' id='par_1_67' title="bbox 3310 370 3416 428">
     <span class='ocr_line' id='line_1_67' title="bbox 3310 370 3416 428; baseline 0.009 -1"><span class='ocrx_word' id='word_1_504' title='bbox 3310 370 3416 428; x_wconf 84' lang='lat'><em>660</em></span> 
     </span>
    </p>
   </div>
   <div class='ocr_carea' id='block_1_68' title="bbox 1838 485 3420 563">
    <p class='ocr_par' dir='ltr' id='par_1_68' title="bbox 1838 485 3420 563">
     <span class='ocr_line' id='line_1_68' title="bbox 1838 485 3420 563; baseline 0 -20"><span class='ocrx_word' id='word_1_505' title='bbox 1838 492 1933 545; x_wconf 86' lang='lat'><em>61:1</em></span> <span class='ocrx_word' id='word_1_506' title='bbox 1983 492 2084 563; x_wconf 79' lang='grc' dir='ltr'><strong>τῆς</strong></span> <span class='ocrx_word' id='word_1_507' title='bbox 2128 492 2236 547; x_wconf 84' lang='grc' dir='ltr'><strong>τῶν</strong></span> <span class='ocrx_word' id='word_1_508' title='bbox 2288 491 2587 563; x_wconf 79' lang='grc' dir='ltr'><strong>χρημάτων</strong></span> <span class='ocrx_word' id='word_1_509' title='bbox 2645 489 2909 557; x_wconf 86' lang='grc' dir='ltr'><strong>δαπάνης.</strong></span> <span class='ocrx_word' id='word_1_510' title='bbox 2966 485 3182 550; x_wconf 79' lang='grc' dir='ltr'><strong>Εὐθέως</strong></span> <span class='ocrx_word' id='word_1_511' title='bbox 3237 485 3420 562; x_wconf 77' lang='lat'><strong>[065]</strong></span> 
     </span>
    </p>
   </div>
   <div class='ocr_carea' id='block_1_69' title="bbox 1839 580 3421 656">
    <p class='ocr_par' dir='ltr' id='par_1_69' title="bbox 1839 580 3421 656">
     <span class='ocr_line' id='line_1_69' title="bbox 1839 580 3421 656; baseline -0.003 -16"><span class='ocrx_word' id='word_1_512' title='bbox 1839 588 2172 652; x_wconf 76' lang='grc' dir='ltr'><strong>ἀναστάντες</strong></span> <span class='ocrx_word' id='word_1_513' title='bbox 2201 585 2311 640; x_wconf 88' lang='grc' dir='ltr'><strong>ἀπὸ</strong></span> <span class='ocrx_word' id='word_1_514' title='bbox 2339 585 2439 656; x_wconf 78' lang='grc' dir='ltr'><strong>τῆς</strong></span> <span class='ocrx_word' id='word_1_515' title='bbox 2469 583 2679 655; x_wconf 85' lang='grc' dir='ltr'><strong>κλίνης,</strong></span> <span class='ocrx_word' id='word_1_516' title='bbox 2718 583 2847 655; x_wconf 71' lang='grc' dir='ltr'><strong>πρὶν</strong></span> <span class='ocrx_word' id='word_1_517' title='bbox 2894 583 2974 646; x_wconf 85' lang='grc' dir='ltr'><strong>εἰς</strong></span> <span class='ocrx_word' id='word_1_518' title='bbox 3014 580 3219 654; x_wconf 81' lang='grc' dir='ltr'><strong>ἀγοράν</strong></span> <span class='ocrx_word' id='word_1_519' title='bbox 3244 582 3421 653; x_wconf 77' lang='grc' dir='ltr'><strong>ἐμϐα-</strong></span> 
     </span>
    </p>
   </div>
   <div class='ocr_carea' id='block_1_70' title="bbox 1840 676 3423 753">
    <p class='ocr_par' dir='ltr' id='par_1_70' title="bbox 1840 676 3423 753">
     <span class='ocr_line' id='line_1_70' title="bbox 1840 676 3423 753; baseline -0.002 -19"><span class='ocrx_word' id='word_1_520' title='bbox 1840 681 1985 749; x_wconf 88' lang='grc' dir='ltr'><strong>λεῖν,</strong></span> <span class='ocrx_word' id='word_1_521' title='bbox 2017 682 2051 753; x_wconf 81' lang='grc' dir='ltr'><strong>ἡ</strong></span> <span class='ocrx_word' id='word_1_522' title='bbox 2101 680 2481 752; x_wconf 79' lang='grc' dir='ltr'><strong>μεταχειρίσαι</strong></span> <span class='ocrx_word' id='word_1_523' title='bbox 2523 695 2581 733; x_wconf 82' lang='grc' dir='ltr'><strong>τι</strong></span> <span class='ocrx_word' id='word_1_524' title='bbox 2604 679 2715 734; x_wconf 86' lang='grc' dir='ltr'><strong>τῶν</strong></span> <span class='ocrx_word' id='word_1_525' title='bbox 2751 676 3035 732; x_wconf 82' lang='grc' dir='ltr'><strong>ἰδιωτικῶν</strong></span> <span class='ocrx_word' id='word_1_526' title='bbox 3077 676 3111 749; x_wconf 78' lang='grc' dir='ltr'><strong>ἡ</strong></span> <span class='ocrx_word' id='word_1_527' title='bbox 3144 677 3423 748; x_wconf 81' lang='grc' dir='ltr'><strong>δημοσίων</strong></span> 
     </span>
    </p>
   </div>
   <div class='ocr_carea' id='block_1_71' title="bbox 1843 771 3423 850">
    <p class='ocr_par' dir='ltr' id='par_1_71' title="bbox 1843 771 3423 850">
     <span class='ocr_line' id='line_1_71' title="bbox 1843 771 3423 850; baseline -0.002 -20"><span class='ocrx_word' id='word_1_528' title='bbox 1843 779 2186 850; x_wconf 85' lang='grc' dir='ltr'><strong>πραγμάτων</strong></span> <span class='ocrx_word' id='word_1_529' title='bbox 2208 815 2225 842; x_wconf 91' lang='grc'><strong>,</strong></span> <span class='ocrx_word' id='word_1_530' title='bbox 2276 777 2367 831; x_wconf 80' lang='grc' dir='ltr'><strong>τὸν</strong></span> <span class='ocrx_word' id='word_1_531' title='bbox 2425 776 2641 845; x_wconf 79' lang='grc' dir='ltr'><strong>οἰκέτην</strong></span> <span class='ocrx_word' id='word_1_532' title='bbox 2706 774 3033 837; x_wconf 86' lang='grc' dir='ltr'><strong>καλέσαντες</strong></span> <span class='ocrx_word' id='word_1_533' title='bbox 3082 771 3423 844; x_wconf 82' lang='grc' dir='ltr'><strong>ἀπαιτοῦμεν</strong></span> 
     </span>
    </p>
   </div>
   <div class='ocr_carea' id='block_1_72' title="bbox 1841 858 3420 948">
    <p class='ocr_par' dir='ltr' id='par_1_72' title="bbox 1841 858 3420 948">
     <span class='ocr_line' id='line_1_72' title="bbox 1841 858 3420 948; baseline -0.001 -22"><span class='ocrx_word' id='word_1_534' title='bbox 1841 873 1997 941; x_wconf 87' lang='grc' dir='ltr'><strong>λόγον</strong></span> <span class='ocrx_word' id='word_1_535' title='bbox 2027 873 2138 927; x_wconf 88' lang='grc' dir='ltr'><strong>τῶν</strong></span> <span class='ocrx_word' id='word_1_536' title='bbox 2161 858 2603 948; x_wconf 83' lang='grc' dir='ltr'><strong>δαπανηθέντων,</strong></span> <span class='ocrx_word' id='word_1_537' title='bbox 2627 872 2678 925; x_wconf 80' lang='grc' dir='ltr'><strong>ἵν</strong></span> <span class='ocrx_word' id='word_1_538' title='bbox 2699 870 2957 941; x_wconf 70' lang='grc' dir='ltr'><strong>ἐἰδῶμεν</strong></span> <span class='ocrx_word' id='word_1_539' title='bbox 2993 869 3045 923; x_wconf 89' lang='grc' dir='ltr'><strong>τί</strong></span> <span class='ocrx_word' id='word_1_540' title='bbox 3086 870 3185 941; x_wconf 83' lang='grc' dir='ltr'><strong>μὲν</strong></span> <span class='ocrx_word' id='word_1_541' title='bbox 3214 870 3420 935; x_wconf 85' lang='grc' dir='ltr'><strong>κακῶς,</strong></span> 
     </span>
    </p>
   </div>
   <div class='ocr_carea' id='block_1_73' title="bbox 1841 964 3424 1038">
    <p class='ocr_par' dir='ltr' id='par_1_73' title="bbox 1841 964 3424 1038">
     <span class='ocr_line' id='line_1_73' title="bbox 1841 964 3424 1038; baseline -0.001 -17"><span class='ocrx_word' id='word_1_542' title='bbox 1841 968 1894 1021; x_wconf 87' lang='grc' dir='ltr'><strong>τί</strong></span> <span class='ocrx_word' id='word_1_543' title='bbox 1923 968 1982 1023; x_wconf 85' lang='lat'><strong>66</strong></span> <span class='ocrx_word' id='word_1_544' title='bbox 2008 969 2089 1030; x_wconf 87' lang='grc' dir='ltr'><strong>εἰς</strong></span> <span class='ocrx_word' id='word_1_545' title='bbox 2114 967 2234 1022; x_wconf 88' lang='grc' dir='ltr'><strong>δέον</strong></span> <span class='ocrx_word' id='word_1_546' title='bbox 2256 968 2552 1038; x_wconf 87' lang='grc' dir='ltr'><strong>ἀνήλωται,</strong></span> <span class='ocrx_word' id='word_1_547' title='bbox 2585 968 2752 1020; x_wconf 75' lang='grc' dir='ltr'><strong>πόσον</strong></span> <span class='ocrx_word' id='word_1_548' title='bbox 2783 966 2841 1021; x_wconf 89' lang='grc' dir='ltr'><strong>δέ</strong></span> <span class='ocrx_word' id='word_1_549' title='bbox 2878 964 3289 1020; x_wconf 68' lang='grc' dir='ltr'><strong>ὑπολέλειπταιι</strong></span> <span class='ocrx_word' id='word_1_550' title='bbox 3320 965 3424 1021; x_wconf 81' lang='grc' dir='ltr'><strong>κᾶν</strong></span> 
     </span>
    </p>
   </div>
   <div class='ocr_carea' id='block_1_74' title="bbox 1844 1062 3428 1134">
    <p class='ocr_par' dir='ltr' id='par_1_74' title="bbox 1844 1062 3428 1134">
     <span class='ocr_line' id='line_1_74' title="bbox 1844 1062 3428 1134; baseline -0.001 -17"><span class='ocrx_word' id='word_1_551' title='bbox 1844 1064 2078 1134; x_wconf 87' lang='grc' dir='ltr'><strong>εἰδῶμεν</strong></span> <span class='ocrx_word' id='word_1_552' title='bbox 2119 1063 2301 1134; x_wconf 83' lang='grc' dir='ltr'><strong>ὀλίγον</strong></span> <span class='ocrx_word' id='word_1_553' title='bbox 2336 1063 2398 1118; x_wconf 83' lang='grc' dir='ltr'><strong>ὸν</strong></span> <span class='ocrx_word' id='word_1_554' title='bbox 2426 1063 2488 1118; x_wconf 88' lang='grc' dir='ltr'><strong>τὸ</strong></span> <span class='ocrx_word' id='word_1_555' title='bbox 2524 1062 3003 1134; x_wconf 79' lang='grc' dir='ltr'><strong>ὑπολελειμμένον,</strong></span> <span class='ocrx_word' id='word_1_556' title='bbox 3047 1063 3210 1116; x_wconf 82' lang='grc' dir='ltr'><strong>παντί</strong></span> <span class='ocrx_word' id='word_1_557' title='bbox 3239 1062 3428 1134; x_wconf 80' lang='grc' dir='ltr'><strong>τρόπῳ</strong></span> 
     </span>
    </p>
   </div>
   <div class='ocr_carea' id='block_1_75' title="bbox 1847 1156 3430 1234">
    <p class='ocr_par' dir='ltr' id='par_1_75' title="bbox 1847 1156 3430 1234">
     <span class='ocr_line' id='line_1_75' title="bbox 1847 1156 3430 1234; baseline -0.002 -19"><span class='ocrx_word' id='word_1_558' title='bbox 1847 1156 2408 1234; x_wconf 80' lang='grc' dir='ltr'><strong>προσόδωνάφορμάς</strong></span> <span class='ocrx_word' id='word_1_559' title='bbox 2432 1157 2780 1231; x_wconf 70' lang='grc' dir='ltr'><strong>ἐπινοοῦμεν,</strong></span> <span class='ocrx_word' id='word_1_560' title='bbox 2814 1158 2906 1212; x_wconf 85' lang='grc' dir='ltr'><strong>ῖνα</strong></span> <span class='ocrx_word' id='word_1_561' title='bbox 2933 1158 3009 1229; x_wconf 77' lang='grc' dir='ltr'><strong>μὴ</strong></span> <span class='ocrx_word' id='word_1_562' title='bbox 3038 1157 3295 1228; x_wconf 88' lang='grc' dir='ltr'><strong>λάθωμεν</strong></span> <span class='ocrx_word' id='word_1_563' title='bbox 3320 1158 3430 1212; x_wconf 84' lang='grc' dir='ltr'><strong>δια-</strong></span> 
     </span>
    </p>
   </div>
   <div class='ocr_carea' id='block_1_76' title="bbox 1848 1255 3431 1330">
    <p class='ocr_par' dir='ltr' id='par_1_76' title="bbox 1848 1255 3431 1330">
     <span class='ocr_line' id='line_1_76' title="bbox 1848 1255 3431 1330; baseline -0.001 -18"><span class='ocrx_word' id='word_1_564' title='bbox 1848 1258 2149 1330; x_wconf 82' lang='grc' dir='ltr'><strong>φθαρέντες</strong></span> <span class='ocrx_word' id='word_1_565' title='bbox 2181 1257 2347 1329; x_wconf 87' lang='grc' dir='ltr'><strong>λιμῷ.</strong></span> <span class='ocrx_word' id='word_1_566' title='bbox 2395 1256 2567 1311; x_wconf 88' lang='grc' dir='ltr'><strong>Τοῦτο</strong></span> <span class='ocrx_word' id='word_1_567' title='bbox 2588 1256 2769 1310; x_wconf 87' lang='grc' dir='ltr'><strong>τοίνυν</strong></span> <span class='ocrx_word' id='word_1_568' title='bbox 2805 1257 2900 1310; x_wconf 75' lang='grc' dir='ltr'><strong>καὶ</strong></span> <span class='ocrx_word' id='word_1_569' title='bbox 2929 1256 3022 1309; x_wconf 78' lang='grc' dir='ltr'><strong>ἐπὶ</strong></span> <span class='ocrx_word' id='word_1_570' title='bbox 3046 1256 3154 1310; x_wconf 84' lang='grc' dir='ltr'><strong>τῶν</strong></span> <span class='ocrx_word' id='word_1_571' title='bbox 3177 1255 3431 1328; x_wconf 83' lang='grc' dir='ltr'><strong>πράξεων</strong></span> 
     </span>
    </p>
   </div>
   <div class='ocr_carea' id='block_1_77' title="bbox 1847 1350 3429 1426">
    <p class='ocr_par' dir='ltr' id='par_1_77' title="bbox 1847 1350 3429 1426">
     <span class='ocr_line' id='line_1_77' title="bbox 1847 1350 3429 1426; baseline -0.002 -18"><span class='ocrx_word' id='word_1_572' title='bbox 1847 1352 1956 1408; x_wconf 85' lang='grc' dir='ltr'><strong>τῶν</strong></span> <span class='ocrx_word' id='word_1_573' title='bbox 1984 1354 2271 1426; x_wconf 81' lang='grc' dir='ltr'><strong>ἡμετέρων</strong></span> <span class='ocrx_word' id='word_1_574' title='bbox 2295 1352 2560 1425; x_wconf 89' lang='grc' dir='ltr'><strong>ποιῶμεν.</strong></span> <span class='ocrx_word' id='word_1_575' title='bbox 2582 1352 2656 1405; x_wconf 88' lang='grc' dir='ltr'><strong>Τὸ</strong></span> <span class='ocrx_word' id='word_1_576' title='bbox 2681 1350 2920 1416; x_wconf 83' lang='grc' dir='ltr'><strong>συνειδὸς</strong></span> <span class='ocrx_word' id='word_1_577' title='bbox 2941 1350 3003 1405; x_wconf 89' lang='grc' dir='ltr'><strong>τὸ</strong></span> <span class='ocrx_word' id='word_1_578' title='bbox 3028 1350 3297 1423; x_wconf 82' lang='grc' dir='ltr'><strong>ἡμέτερον</strong></span> <span class='ocrx_word' id='word_1_579' title='bbox 3325 1368 3429 1405; x_wconf 87' lang='grc' dir='ltr'><strong>κα-</strong></span> 
     </span>
    </p>
   </div>
   <div class='ocr_carea' id='block_1_78' title="bbox 1820 1434 3431 1522">
    <p class='ocr_par' dir='ltr' id='par_1_78' title="bbox 1820 1434 3431 1522">
     <span class='ocr_line' id='line_1_78' title="bbox 1820 1434 3431 1522; baseline -0.004 -16"><span class='ocrx_word' id='word_1_580' title='bbox 1820 1452 2106 1517; x_wconf 54' lang='grc' dir='ltr'><strong>,λέσαντες</strong></span> <span class='ocrx_word' id='word_1_581' title='bbox 2134 1450 2453 1522; x_wconf 89' lang='grc' dir='ltr'><strong>ποιήσωμεν</strong></span> <span class='ocrx_word' id='word_1_582' title='bbox 2489 1434 2835 1520; x_wconf 82' lang='grc' dir='ltr'><strong>αὐτῷ.λόγον</strong></span> <span class='ocrx_word' id='word_1_583' title='bbox 2866 1448 2977 1502; x_wconf 88' lang='grc' dir='ltr'><strong>τῶν</strong></span> <span class='ocrx_word' id='word_1_584' title='bbox 3008 1448 3290 1520; x_wconf 75' lang='grc' dir='ltr'><strong>ῥημάτων.</strong></span> <span class='ocrx_word' id='word_1_585' title='bbox 3319 1446 3431 1501; x_wconf 88' lang='grc' dir='ltr'><strong>τῶν</strong></span> 
     </span>
    </p>
   </div>
   <div class='ocr_carea' id='block_1_79' title="bbox 1850 1533 3432 1621">
    <p class='ocr_par' dir='ltr' id='par_1_79' title="bbox 1850 1533 3432 1621">
     <span class='ocr_line' id='line_1_79' title="bbox 1850 1533 3432 1621; baseline -0.001 -22"><span class='ocrx_word' id='word_1_586' title='bbox 1850 1546 2219 1621; x_wconf 83' lang='grc' dir='ltr'><strong>πραγμάτων,</strong></span> <span class='ocrx_word' id='word_1_587' title='bbox 2255 1544 2785 1616; x_wconf 79' lang='grc' dir='ltr'><strong>τῶνὲνθυμήσεων·</strong></span> <span class='ocrx_word' id='word_1_588' title='bbox 2823 1542 3192 1616; x_wconf 70' lang='grc' dir='ltr'><strong>ἐξετάσωμεν,</strong></span> <span class='ocrx_word' id='word_1_589' title='bbox 3228 1544 3282 1597; x_wconf 87' lang='grc' dir='ltr'><strong>τί</strong></span> <span class='ocrx_word' id='word_1_590' title='bbox 3332 1533 3432 1614; x_wconf 66' lang='grc' dir='ltr'><strong>μέν</strong></span> 
     </span>
    </p>
   </div>
   <div class='ocr_carea' id='block_1_80' title="bbox 1850 1638 3434 1712">
    <p class='ocr_par' dir='ltr' id='par_1_80' title="bbox 1850 1638 3434 1712">
     <span class='ocr_line' id='line_1_80' title="bbox 1850 1638 3434 1712; baseline -0.004 -15"><span class='ocrx_word' id='word_1_591' title='bbox 1850 1644 1932 1706; x_wconf 87' lang='grc' dir='ltr'><strong>εἰς</strong></span> <span class='ocrx_word' id='word_1_592' title='bbox 1953 1642 2072 1696; x_wconf 81' lang='grc' dir='ltr'><strong>δέον</strong></span> <span class='ocrx_word' id='word_1_593' title='bbox 2095 1641 2395 1711; x_wconf 87' lang='grc' dir='ltr'><strong>ἀνήλωται,</strong></span> <span class='ocrx_word' id='word_1_594' title='bbox 2415 1639 2470 1694; x_wconf 90' lang='grc' dir='ltr'><strong>τί</strong></span> <span class='ocrx_word' id='word_1_595' title='bbox 2488 1639 2673 1694; x_wconf 79' lang='lat'><em>6661:1‘</em></span> <span class='ocrx_word' id='word_1_596' title='bbox 2688 1638 2861 1711; x_wconf 71' lang='grc' dir='ltr'><strong>βλάϐῃ</strong></span> <span class='ocrx_word' id='word_1_597' title='bbox 2885 1642 2954 1712; x_wconf 76' lang='grc' dir='ltr'><strong>τῇ</strong></span> <span class='ocrx_word' id='word_1_598' title='bbox 2982 1640 3261 1712; x_wconf 74' lang='grc' dir='ltr'><strong>ἡμετέρᾳ·</strong></span> <span class='ocrx_word' id='word_1_599' title='bbox 3282 1640 3434 1703; x_wconf 79' lang='grc' dir='ltr'><strong>ποῖος</strong></span> 
     </span>
    </p>
   </div>
   <div class='ocr_carea' id='block_1_81' title="bbox 1849 1735 3437 1811">
    <p class='ocr_par' dir='ltr' id='par_1_81' title="bbox 1849 1735 3437 1811">
     <span class='ocr_line' id='line_1_81' title="bbox 1849 1735 3437 1811; baseline -0.001 -19"><span class='ocrx_word' id='word_1_600' title='bbox 1849 1739 2005 1811; x_wconf 85' lang='grc' dir='ltr'><strong>λόγος</strong></span> <span class='ocrx_word' id='word_1_601' title='bbox 2032 1737 2349 1809; x_wconf 79' lang='grc' dir='ltr'><strong>ἐδαπανήθη</strong></span> <span class='ocrx_word' id='word_1_602' title='bbox 2376 1736 2588 1801; x_wconf 84' lang='grc' dir='ltr'><strong>κακῶς,</strong></span> <span class='ocrx_word' id='word_1_603' title='bbox 2616 1739 2697 1801; x_wconf 89' lang='grc' dir='ltr'><strong>εἰς</strong></span> <span class='ocrx_word' id='word_1_604' title='bbox 2725 1735 3016 1809; x_wconf 72' lang='grc' dir='ltr'><strong>λοιδορίας,</strong></span> <span class='ocrx_word' id='word_1_605' title='bbox 3039 1740 3120 1801; x_wconf 91' lang='grc' dir='ltr'><strong>εἰς</strong></span> <span class='ocrx_word' id='word_1_606' title='bbox 3146 1736 3437 1808; x_wconf 77' lang='grc' dir='ltr'><strong>αἰσχρολο-</strong></span> 
     </span>
    </p>
   </div>
   <div class='ocr_carea' id='block_1_82' title="bbox 1851 1833 3436 1907">
    <p class='ocr_par' dir='ltr' id='par_1_82' title="bbox 1851 1833 3436 1907">
     <span class='ocr_line' id='line_1_82' title="bbox 1851 1833 3436 1907; baseline -0.001 -19"><span class='ocrx_word' id='word_1_607' title='bbox 1851 1835 2015 1905; x_wconf 70' lang='grc' dir='ltr'><strong>γίας,</strong></span> <span class='ocrx_word' id='word_1_608' title='bbox 2045 1836 2127 1898; x_wconf 87' lang='grc' dir='ltr'><strong>εἰς</strong></span> <span class='ocrx_word' id='word_1_609' title='bbox 2167 1833 2391 1905; x_wconf 73' lang='grc' dir='ltr'><strong>ῦδρειςο</strong></span> <span class='ocrx_word' id='word_1_610' title='bbox 2431 1836 2591 1889; x_wconf 82' lang='grc' dir='ltr'><strong>ποῖον</strong></span> <span class='ocrx_word' id='word_1_611' title='bbox 2611 1834 2900 1907; x_wconf 85' lang='grc' dir='ltr'><strong>ἐνθύμημα</strong></span> <span class='ocrx_word' id='word_1_612' title='bbox 2927 1833 3019 1888; x_wconf 89' lang='grc' dir='ltr'><strong>τὸν</strong></span> <span class='ocrx_word' id='word_1_613' title='bbox 3049 1833 3327 1905; x_wconf 83' lang='grc' dir='ltr'><strong>ὀφθαλμὸν</strong></span> <span class='ocrx_word' id='word_1_614' title='bbox 3353 1834 3436 1896; x_wconf 83' lang='grc' dir='ltr'><strong>εἰς</strong></span> 
     </span>
    </p>
   </div>
   <div class='ocr_carea' id='block_1_83' title="bbox 1850 1916 3434 2001">
    <p class='ocr_par' dir='ltr' id='par_1_83' title="bbox 1850 1916 3434 2001">
     <span class='ocr_line' id='line_1_83' title="bbox 1850 1916 3434 2001; baseline -0.002 -17"><span class='ocrx_word' id='word_1_615' title='bbox 1850 1929 2149 1984; x_wconf 85' lang='grc' dir='ltr'><strong>ἀκολασίαν</strong></span> <span class='ocrx_word' id='word_1_616' title='bbox 2173 1928 2423 2001; x_wconf 86' lang='grc' dir='ltr'><strong>ἐκίνησε·</strong></span> <span class='ocrx_word' id='word_1_617' title='bbox 2453 1930 2539 1993; x_wconf 88' lang='grc' dir='ltr'><strong>τίς</strong></span> <span class='ocrx_word' id='word_1_618' title='bbox 2568 1926 2853 2001; x_wconf 72' lang='grc' dir='ltr'><strong>λογισμὸς“</strong></span> <span class='ocrx_word' id='word_1_619' title='bbox 2873 1930 2967 1983; x_wconf 84' lang='lat'><em>61:1</em></span> <span class='ocrx_word' id='word_1_620' title='bbox 3000 1928 3175 2001; x_wconf 75' lang='grc' dir='ltr'><strong>βλάϐῃ</strong></span> <span class='ocrx_word' id='word_1_621' title='bbox 3203 1933 3268 2001; x_wconf 77' lang='grc' dir='ltr'><strong>τῇ</strong></span> <span class='ocrx_word' id='word_1_622' title='bbox 3288 1916 3434 2001; x_wconf 67' lang='grc' dir='ltr'><strong>ἡμε-</strong></span> 
     </span>
    </p>
   </div>
   <div class='ocr_carea' id='block_1_84' title="bbox 1850 2022 3437 2101">
    <p class='ocr_par' dir='ltr' id='par_1_84' title="bbox 1850 2022 3437 2101">
     <span class='ocr_line' id='line_1_84' title="bbox 1850 2022 3437 2101; baseline -0.001 -20"><span class='ocrx_word' id='word_1_623' title='bbox 1850 2028 1988 2101; x_wconf 78' lang='grc' dir='ltr'><strong>τέρα</strong></span> <span class='ocrx_word' id='word_1_624' title='bbox 2015 2030 2096 2090; x_wconf 89' lang='grc' dir='ltr'><strong>εἰς</strong></span> <span class='ocrx_word' id='word_1_625' title='bbox 2126 2026 2288 2099; x_wconf 73' lang='grc' dir='ltr'><strong>ἔργον</strong></span> <span class='ocrx_word' id='word_1_626' title='bbox 2316 2025 2581 2099; x_wconf 74' lang='grc' dir='ltr'><strong>ἐξηνέχθη</strong></span> <span class='ocrx_word' id='word_1_627' title='bbox 2603 2068 2617 2093; x_wconf 91' lang='grc'><strong>,</strong></span> <span class='ocrx_word' id='word_1_628' title='bbox 2649 2026 2690 2098; x_wconf 79' lang='grc' dir='ltr'>ἢ</span> <span class='ocrx_word' id='word_1_629' title='bbox 2719 2026 2808 2080; x_wconf 78' lang='grc' dir='ltr'><strong>διὰ</strong></span> <span class='ocrx_word' id='word_1_630' title='bbox 2838 2022 3057 2098; x_wconf 87' lang='grc' dir='ltr'><strong>χειρῶν,</strong></span> <span class='ocrx_word' id='word_1_631' title='bbox 3082 2026 3117 2096; x_wconf 79' lang='grc' dir='ltr'>ἢ</span> <span class='ocrx_word' id='word_1_632' title='bbox 3144 2025 3233 2079; x_wconf 85' lang='grc' dir='ltr'><strong>διά</strong></span> <span class='ocrx_word' id='word_1_633' title='bbox 3264 2023 3437 2095; x_wconf 82' lang='grc' dir='ltr'><strong>γλώτ-</strong></span> 
     </span>
    </p>
   </div>
   <div class='ocr_carea' id='block_1_85' title="bbox 1851 2118 3436 2196">
    <p class='ocr_par' dir='ltr' id='par_1_85' title="bbox 1851 2118 3436 2196">
     <span class='ocr_line' id='line_1_85' title="bbox 1851 2118 3436 2196; baseline -0.004 -18"><span class='ocrx_word' id='word_1_634' title='bbox 1851 2141 1985 2195; x_wconf 87' lang='grc' dir='ltr'><strong>της,</strong></span> <span class='ocrx_word' id='word_1_635' title='bbox 2016 2123 2050 2196; x_wconf 75' lang='grc' dir='ltr'><strong>ἡ</strong></span> <span class='ocrx_word' id='word_1_636' title='bbox 2082 2123 2175 2180; x_wconf 83' lang='grc' dir='ltr'><strong>διὰ</strong></span> <span class='ocrx_word' id='word_1_637' title='bbox 2211 2123 2321 2177; x_wconf 88' lang='grc' dir='ltr'><strong>τῶν</strong></span> <span class='ocrx_word' id='word_1_638' title='bbox 2354 2123 2622 2195; x_wconf 83' lang='grc' dir='ltr'><strong>ὀμμάτων</strong></span> <span class='ocrx_word' id='word_1_639' title='bbox 2662 2122 2875 2176; x_wconf 83' lang='grc' dir='ltr'><strong>αὐτῶν·</strong></span> <span class='ocrx_word' id='word_1_640' title='bbox 2912 2120 3007 2175; x_wconf 79' lang='grc' dir='ltr'><strong>καὶ</strong></span> <span class='ocrx_word' id='word_1_641' title='bbox 3045 2118 3436 2191; x_wconf 84' lang='grc' dir='ltr'><strong>σπουδάσωμεν</strong></span> 
     </span>
    </p>
   </div>
   <div class='ocr_carea' id='block_1_86' title="bbox 1853 2216 3437 2295">
    <p class='ocr_par' dir='ltr' id='par_1_86' title="bbox 1853 2216 3437 2295">
     <span class='ocr_line' id='line_1_86' title="bbox 1853 2216 3437 2295; baseline -0.004 -17"><span class='ocrx_word' id='word_1_642' title='bbox 1853 2222 1962 2295; x_wconf 77' lang='grc' dir='ltr'><strong>τῆς.</strong></span> <span class='ocrx_word' id='word_1_643' title='bbox 1997 2222 2099 2293; x_wconf 85' lang='grc' dir='ltr'><strong>μὲν</strong></span> <span class='ocrx_word' id='word_1_644' title='bbox 2127 2220 2363 2293; x_wconf 87' lang='grc' dir='ltr'><strong>ἀκαίρου</strong></span> <span class='ocrx_word' id='word_1_645' title='bbox 2390 2220 2644 2292; x_wconf 66' lang='grc' dir='ltr'><strong>,δαπάνης</strong></span> <span class='ocrx_word' id='word_1_646' title='bbox 2687 2218 3035 2289; x_wconf 83' lang='grc' dir='ltr'><strong>ἀποστῆναι,</strong></span> <span class='ocrx_word' id='word_1_647' title='bbox 3082 2217 3205 2271; x_wconf 82' lang='grc' dir='ltr'><strong>ἀντὶ</strong></span> <span class='ocrx_word' id='word_1_648' title='bbox 3232 2216 3291 2271; x_wconf 86' lang='lat'><strong>66</strong></span> <span class='ocrx_word' id='word_1_649' title='bbox 3327 2216 3437 2271; x_wconf 85' lang='grc' dir='ltr'><strong>τῶν</strong></span> 
     </span>
    </p>
   </div>
   <div class='ocr_carea' id='block_1_87' title="bbox 1855 2312 3438 2388">
    <p class='ocr_par' dir='ltr' id='par_1_87' title="bbox 1855 2312 3438 2388">
     <span class='ocr_line' id='line_1_87' title="bbox 1855 2312 3438 2388; baseline -0.005 -15"><span class='ocrx_word' id='word_1_650' title='bbox 1855 2318 2008 2383; x_wconf 69' lang='grc' dir='ltr'><strong>ἅπαξ</strong></span> <span class='ocrx_word' id='word_1_651' title='bbox 2030 2318 2417 2373; x_wconf 85' lang='grc' dir='ltr'><strong>ἀναλωθέντων</strong></span> <span class='ocrx_word' id='word_1_652' title='bbox 2442 2316 2650 2381; x_wconf 87' lang='grc' dir='ltr'><strong>κακῶς,</strong></span> <span class='ocrx_word' id='word_1_653' title='bbox 2672 2316 2889 2388; x_wconf 76' lang='grc' dir='ltr'><strong>σέτέραν</strong></span> <span class='ocrx_word' id='word_1_654' title='bbox 2922 2313 3221 2369; x_wconf 82' lang='grc' dir='ltr'><strong>ἀποθέσθαι</strong></span> <span class='ocrx_word' id='word_1_655' title='bbox 3265 2312 3438 2383; x_wconf 84' lang='grc' dir='ltr'><strong>πρόσ-</strong></span> 
     </span>
    </p>
   </div>
   <div class='ocr_carea' id='block_1_88' title="bbox 1856 2405 3435 2487">
    <p class='ocr_par' dir='ltr' id='par_1_88' title="bbox 1856 2405 3435 2487">
     <span class='ocr_line' id='line_1_88' title="bbox 1856 2405 3435 2487; baseline -0.005 -18"><span class='ocrx_word' id='word_1_656' title='bbox 1856 2405 2001 2483; x_wconf 84' lang='grc' dir='ltr'><strong>οδον,</strong></span> <span class='ocrx_word' id='word_1_657' title='bbox 2027 2416 2153 2475; x_wconf 76' lang='grc' dir='ltr'><strong>ἀντὶ</strong></span> <span class='ocrx_word' id='word_1_658' title='bbox 2181 2414 2292 2467; x_wconf 89' lang='grc' dir='ltr'><strong>τῶν</strong></span> <span class='ocrx_word' id='word_1_659' title='bbox 2337 2413 2601 2487; x_wconf 80' lang='grc' dir='ltr'><strong>ῥημάτων</strong></span> <span class='ocrx_word' id='word_1_660' title='bbox 2627 2412 2739 2467; x_wconf 90' lang='grc' dir='ltr'><strong>τῶν</strong></span> <span class='ocrx_word' id='word_1_661' title='bbox 2779 2412 2903 2483; x_wconf 80' lang='grc' dir='ltr'><strong>εἰκῆ</strong></span> <span class='ocrx_word' id='word_1_662' title='bbox 2943 2409 3435 2482; x_wconf 86' lang='grc' dir='ltr'><strong>προσενεχθέντων,</strong></span> 
     </span>
    </p>
   </div>
   <div class='ocr_carea' id='block_1_89' title="bbox 1855 2503 3435 2582">
    <p class='ocr_par' dir='ltr' id='par_1_89' title="bbox 1855 2503 3435 2582">
     <span class='ocr_line' id='line_1_89' title="bbox 1855 2503 3435 2582; baseline -0.004 -18"><span class='ocrx_word' id='word_1_663' title='bbox 1855 2511 2022 2582; x_wconf 84' lang='grc' dir='ltr'><strong>εὺχάς</strong></span> <span class='ocrx_word' id='word_1_664' title='bbox 2041 2549 2058 2577; x_wconf 94' lang='grc'><strong>,</strong></span> <span class='ocrx_word' id='word_1_665' title='bbox 2092 2510 2216 2564; x_wconf 74' lang='grc' dir='ltr'><strong>ἀντὶ</strong></span> <span class='ocrx_word' id='word_1_666' title='bbox 2238 2503 2368 2563; x_wconf 85' lang='grc' dir='ltr'><strong>’τῶν</strong></span> <span class='ocrx_word' id='word_1_667' title='bbox 2399 2508 2579 2579; x_wconf 78' lang='grc' dir='ltr'><strong>δψεων</strong></span> <span class='ocrx_word' id='word_1_668' title='bbox 2618 2509 2728 2561; x_wconf 89' lang='grc' dir='ltr'><strong>τῶν</strong></span> <span class='ocrx_word' id='word_1_669' title='bbox 2765 2506 3079 2570; x_wconf 86' lang='grc' dir='ltr'><strong>ἀκολάστως</strong></span> <span class='ocrx_word' id='word_1_670' title='bbox 3105 2505 3435 2576; x_wconf 87' lang='grc' dir='ltr'><strong>γενομένων,</strong></span> 
     </span>
    </p>
   </div>
   <div class='ocr_carea' id='block_1_90' title="bbox 1855 2601 3438 2679">
    <p class='ocr_par' dir='ltr' id='par_1_90' title="bbox 1855 2601 3438 2679">
     <span class='ocr_line' id='line_1_90' title="bbox 1855 2601 3438 2679; baseline -0.004 -19"><span class='ocrx_word' id='word_1_671' title='bbox 1855 2606 2250 2679; x_wconf 84' lang='grc' dir='ltr'><strong>ἐλεημοσύνας,</strong></span> <span class='ocrx_word' id='word_1_672' title='bbox 2298 2605 2573 2677; x_wconf 82' lang='grc' dir='ltr'><strong>νηστείας.</strong></span> <span class='ocrx_word' id='word_1_673' title='bbox 2619 2605 2684 2659; x_wconf 85' lang='grc' dir='ltr'><strong>Εἰ</strong></span> <span class='ocrx_word' id='word_1_674' title='bbox 2715 2603 2826 2676; x_wconf 79' lang='grc' dir='ltr'><strong>γάρ</strong></span> <span class='ocrx_word' id='word_1_675' title='bbox 2857 2602 3148 2674; x_wconf 84' lang='grc' dir='ltr'><strong>μέλλοιμεν</strong></span> <span class='ocrx_word' id='word_1_676' title='bbox 3190 2601 3438 2671; x_wconf 76' lang='grc' dir='ltr'><strong>δαπανᾷν</strong></span> 
     </span>
    </p>
   </div>
   <div class='ocr_carea' id='block_1_91' title="bbox 1860 2698 3439 2777">
    <p class='ocr_par' dir='ltr' id='par_1_91' title="bbox 1860 2698 3439 2777">
     <span class='ocr_line' id='line_1_91' title="bbox 1860 2698 3439 2777; baseline -0.004 -18"><span class='ocrx_word' id='word_1_677' title='bbox 1860 2706 1959 2776; x_wconf 77' lang='grc' dir='ltr'><strong>μὲν</strong></span> <span class='ocrx_word' id='word_1_678' title='bbox 1984 2704 2251 2777; x_wconf 86' lang='grc' dir='ltr'><strong>ἀκαίρως,</strong></span> <span class='ocrx_word' id='word_1_679' title='bbox 2272 2704 2437 2776; x_wconf 87' lang='grc' dir='ltr'><strong>μηδὲν</strong></span> <span class='ocrx_word' id='word_1_680' title='bbox 2462 2704 2520 2758; x_wconf 83' lang='grc' dir='ltr'><strong>δὲ</strong></span> <span class='ocrx_word' id='word_1_681' title='bbox 2536 2701 2911 2767; x_wconf 82' lang='grc' dir='ltr'><strong>ἀποτίθεσθαι,</strong></span> <span class='ocrx_word' id='word_1_682' title='bbox 2930 2699 3067 2772; x_wconf 88' lang='grc' dir='ltr'><strong>μηδὲ</strong></span> <span class='ocrx_word' id='word_1_683' title='bbox 3088 2698 3439 2770; x_wconf 75' lang='grc' dir='ltr'><strong>θησαυρίζειν</strong></span> 
     </span>
    </p>
   </div>
   <div class='ocr_carea' id='block_1_92' title="bbox 1857 2795 3437 2871">
    <p class='ocr_par' dir='ltr' id='par_1_92' title="bbox 1857 2795 3437 2871">
     <span class='ocr_line' id='line_1_92' title="bbox 1857 2795 3437 2871; baseline -0.004 -16"><span class='ocrx_word' id='word_1_684' title='bbox 1857 2802 2074 2865; x_wconf 75' lang='grc' dir='ltr'><strong>ἑαυτοῖς</strong></span> <span class='ocrx_word' id='word_1_685' title='bbox 2104 2799 2311 2871; x_wconf 88' lang='grc' dir='ltr'><strong>ἀγαθὸν</strong></span> <span class='ocrx_word' id='word_1_686' title='bbox 2329 2840 2345 2866; x_wconf 96' lang='grc'><strong>,</strong></span> <span class='ocrx_word' id='word_1_687' title='bbox 2397 2803 2478 2865; x_wconf 85' lang='grc' dir='ltr'><strong>εἰς</strong></span> <span class='ocrx_word' id='word_1_688' title='bbox 2507 2800 2741 2870; x_wconf 89' lang='grc' dir='ltr'><strong>ἐσχάτην</strong></span> <span class='ocrx_word' id='word_1_689' title='bbox 2769 2795 3187 2867; x_wconf 88' lang='grc' dir='ltr'><strong>κατενεχθέντες</strong></span> <span class='ocrx_word' id='word_1_690' title='bbox 3225 2795 3437 2859; x_wconf 88' lang='grc' dir='ltr'><strong>πενίαν,</strong></span> 
     </span>
    </p>
   </div>
   <div class='ocr_carea' id='block_1_93' title="bbox 1857 2893 3440 2973">
    <p class='ocr_par' dir='ltr' id='par_1_93' title="bbox 1857 2893 3440 2973">
     <span class='ocr_line' id='line_1_93' title="bbox 1857 2893 3440 2973; baseline -0.005 -19"><span class='ocrx_word' id='word_1_691' title='bbox 1857 2899 2099 2973; x_wconf 84' lang='grc' dir='ltr'><strong>λήσομεν</strong></span> <span class='ocrx_word' id='word_1_692' title='bbox 2131 2899 2269 2971; x_wconf 90' lang='grc' dir='ltr'><strong>πρὸς</strong></span> <span class='ocrx_word' id='word_1_693' title='bbox 2299 2899 2401 2971; x_wconf 74' lang='grc' dir='ltr'><strong>τὴν</strong></span> <span class='ocrx_word' id='word_1_694' title='bbox 2423 2897 2690 2952; x_wconf 88' lang='grc' dir='ltr'><strong>ἀθάνατον</strong></span> <span class='ocrx_word' id='word_1_695' title='bbox 2732 2894 2827 2948; x_wconf 88' lang='grc' dir='ltr'><strong>τοῦ</strong></span> <span class='ocrx_word' id='word_1_696' title='bbox 2866 2894 3036 2964; x_wconf 90' lang='grc' dir='ltr'><strong>πυρὸς</strong></span> <span class='ocrx_word' id='word_1_697' title='bbox 3074 2893 3301 2954; x_wconf 79' lang='grc' dir='ltr'><strong>ἑαυτοὺς</strong></span> <span class='ocrx_word' id='word_1_698' title='bbox 3329 2908 3440 2946; x_wconf 85' lang='grc' dir='ltr'><strong>πα-</strong></span> 
     </span>
    </p>
   </div>
   <div class='ocr_carea' id='block_1_94' title="bbox 1862 2985 3440 3070">
    <p class='ocr_par' dir='ltr' id='par_1_94' title="bbox 1862 2985 3440 3070">
     <span class='ocr_line' id='line_1_94' title="bbox 1862 2985 3440 3070; baseline -0.008 -19"><span class='ocrx_word' id='word_1_699' title='bbox 1862 2997 2242 3070; x_wconf 86' lang='grc' dir='ltr'><strong>ραπέμποντες</strong></span> <span class='ocrx_word' id='word_1_700' title='bbox 2288 2994 2530 3049; x_wconf 85' lang='grc' dir='ltr'><strong>κόλασιν.</strong></span> <span class='ocrx_word' id='word_1_701' title='bbox 2572 2991 2694 3045; x_wconf 87' lang='grc' dir='ltr'><strong>Τῶν</strong></span> <span class='ocrx_word' id='word_1_702' title='bbox 2717 2992 2816 3061; x_wconf 83' lang='grc' dir='ltr'><strong>μέν</strong></span> <span class='ocrx_word' id='word_1_703' title='bbox 2864 2985 2958 3045; x_wconf 82' lang='grc' dir='ltr'><strong>οῦν</strong></span> <span class='ocrx_word' id='word_1_704' title='bbox 2991 2989 3289 3061; x_wconf 90' lang='grc' dir='ltr'><strong>χρημάτων</strong></span> <span class='ocrx_word' id='word_1_705' title='bbox 3333 2988 3440 3040; x_wconf 82' lang='grc' dir='ltr'><strong>ὑπὸ</strong></span> 
     </span>
    </p>
   </div>
   <div class='ocr_carea' id='block_1_95' title="bbox 1856 3082 3441 3168">
    <p class='ocr_par' dir='ltr' id='par_1_95' title="bbox 1856 3082 3441 3168">
     <span class='ocr_line' id='line_1_95' title="bbox 1856 3082 3441 3168; baseline -0.008 -20"><span class='ocrx_word' id='word_1_706' title='bbox 1856 3095 1957 3168; x_wconf 77' lang='grc' dir='ltr'><strong>τὴν</strong></span> <span class='ocrx_word' id='word_1_707' title='bbox 1979 3094 2057 3147; x_wconf 75' lang='grc' dir='ltr'><strong>ιω</strong></span> <span class='ocrx_word' id='word_1_708' title='bbox 2084 3093 2179 3146; x_wconf 91' lang='grc' dir='ltr'><strong>τὸν</strong></span> <span class='ocrx_word' id='word_1_709' title='bbox 2221 3092 2381 3161; x_wconf 88' lang='grc' dir='ltr'><strong>λόγον</strong></span> <span class='ocrx_word' id='word_1_710' title='bbox 2408 3093 2583 3145; x_wconf 88' lang='grc' dir='ltr'><strong>ποιεῖν</strong></span> <span class='ocrx_word' id='word_1_711' title='bbox 2608 3087 2906 3159; x_wconf 85' lang='grc' dir='ltr'><strong>εἰώθαμεν,</strong></span> <span class='ocrx_word' id='word_1_712' title='bbox 2933 3087 3044 3141; x_wconf 89' lang='grc' dir='ltr'><strong>τῶν</strong></span> <span class='ocrx_word' id='word_1_713' title='bbox 3084 3085 3141 3139; x_wconf 79' lang='grc' dir='ltr'><strong>δὲ</strong></span> <span class='ocrx_word' id='word_1_714' title='bbox 3185 3082 3441 3155; x_wconf 84' lang='grc' dir='ltr'><strong>πράξεων</strong></span> 
     </span>
    </p>
   </div>
   <div class='ocr_carea' id='block_1_96' title="bbox 1863 3180 3441 3262">
    <p class='ocr_par' dir='ltr' id='par_1_96' title="bbox 1863 3180 3441 3262">
     <span class='ocr_line' id='line_1_96' title="bbox 1863 3180 3441 3262; baseline -0.007 -17"><span class='ocrx_word' id='word_1_715' title='bbox 1863 3191 2001 3262; x_wconf 90' lang='grc' dir='ltr'><strong>μετά</strong></span> <span class='ocrx_word' id='word_1_716' title='bbox 2052 3190 2116 3245; x_wconf 89' lang='grc' dir='ltr'><strong>τὸ</strong></span> <span class='ocrx_word' id='word_1_717' title='bbox 2165 3191 2378 3244; x_wconf 86' lang='grc' dir='ltr'><strong>δεῖπνον</strong></span> <span class='ocrx_word' id='word_1_718' title='bbox 2411 3189 2506 3242; x_wconf 82' lang='grc' dir='ltr'><strong>καὶ</strong></span> <span class='ocrx_word' id='word_1_719' title='bbox 2540 3187 2640 3258; x_wconf 81' lang='grc' dir='ltr'><strong>τὴν</strong></span> <span class='ocrx_word' id='word_1_720' title='bbox 2688 3185 2927 3256; x_wconf 81' lang='grc' dir='ltr'><strong>ἑσπέραν</strong></span> <span class='ocrx_word' id='word_1_721' title='bbox 2958 3183 3150 3253; x_wconf 81' lang='grc' dir='ltr'><strong>αὐτὴν,</strong></span> <span class='ocrx_word' id='word_1_722' title='bbox 3201 3183 3294 3235; x_wconf 80' lang='grc' dir='ltr'><strong>ἐπὶ</strong></span> <span class='ocrx_word' id='word_1_723' title='bbox 3340 3180 3441 3251; x_wconf 86' lang='grc' dir='ltr'><strong>τῆς</strong></span> 
     </span>
    </p>
   </div>
   <div class='ocr_carea' id='block_1_97' title="bbox 1859 3277 3443 3359">
    <p class='ocr_par' dir='ltr' id='par_1_97' title="bbox 1859 3277 3443 3359">
     <span class='ocr_line' id='line_1_97' title="bbox 1859 3277 3443 3359; baseline -0.008 -17"><span class='ocrx_word' id='word_1_724' title='bbox 1859 3287 2061 3359; x_wconf 86' lang='grc' dir='ltr'><strong>κλίνης·</strong></span> <span class='ocrx_word' id='word_1_725' title='bbox 2079 3286 2320 3357; x_wconf 73' lang='grc' dir='ltr'><strong>κείμενοι</strong></span> <span class='ocrx_word' id='word_1_726' title='bbox 2340 3326 2355 3352; x_wconf 93' lang='grc'><strong>,</strong></span> <span class='ocrx_word' id='word_1_727' title='bbox 2385 3284 2601 3346; x_wconf 87' lang='grc' dir='ltr'><strong>οὐδενὸς</strong></span> <span class='ocrx_word' id='word_1_728' title='bbox 2628 3280 2969 3352; x_wconf 74' lang='grc' dir='ltr'><strong>ἐνοχλοῦντος</strong></span> <span class='ocrx_word' id='word_1_729' title='bbox 2994 3320 3010 3345; x_wconf 93' lang='grc'><strong>,</strong></span> <span class='ocrx_word' id='word_1_730' title='bbox 3037 3278 3249 3340; x_wconf 70' lang='grc' dir='ltr'><strong>οὐδενὸς</strong></span> <span class='ocrx_word' id='word_1_731' title='bbox 3280 3277 3443 3350; x_wconf 77' lang='grc' dir='ltr'><strong>θορυο</strong></span> 
     </span>
    </p>
   </div>
   <div class='ocr_carea' id='block_1_98' title="bbox 1859 3373 3443 3452">
    <p class='ocr_par' dir='ltr' id='par_1_98' title="bbox 1859 3373 3443 3452">
     <span class='ocr_line' id='line_1_98' title="bbox 1859 3373 3443 3452; baseline -0.007 -15"><span class='ocrx_word' id='word_1_732' title='bbox 1859 3380 2113 3446; x_wconf 78' lang='grc' dir='ltr'><strong>δοῦντος,</strong></span> <span class='ocrx_word' id='word_1_733' title='bbox 2147 3380 2257 3436; x_wconf 86' lang='grc' dir='ltr'><strong>τῶν</strong></span> <span class='ocrx_word' id='word_1_734' title='bbox 2309 3379 2427 3452; x_wconf 86' lang='grc' dir='ltr'><strong>μεθ’</strong></span> <span class='ocrx_word' id='word_1_735' title='bbox 2467 3378 2680 3451; x_wconf 78' lang='grc' dir='ltr'><strong>ἡμέραν</strong></span> <span class='ocrx_word' id='word_1_736' title='bbox 2726 3377 2860 3449; x_wconf 87' lang='grc' dir='ltr'><strong>ἡμῖν</strong></span> <span class='ocrx_word' id='word_1_737' title='bbox 2902 3373 3308 3446; x_wconf 84' lang='grc' dir='ltr'><strong>πεπραγμένων</strong></span> <span class='ocrx_word' id='word_1_738' title='bbox 3345 3373 3443 3427; x_wconf 69' lang='grc' dir='ltr'><strong>καὶ</strong></span> 
     </span>
    </p>
   </div>
   <div class='ocr_carea' id='block_1_99' title="bbox 1857 3469 3443 3548">
    <p class='ocr_par' dir='ltr' id='par_1_99' title="bbox 1857 3469 3443 3548">
     <span class='ocr_line' id='line_1_99' title="bbox 1857 3469 3443 3548; baseline -0.008 -14"><span class='ocrx_word' id='word_1_739' title='bbox 1857 3478 2204 3548; x_wconf 88' lang='grc' dir='ltr'><strong>λελεγμένων</strong></span> <span class='ocrx_word' id='word_1_740' title='bbox 2240 3475 2499 3530; x_wconf 87' lang='grc' dir='ltr'><strong>ἁπάντων</strong></span> <span class='ocrx_word' id='word_1_741' title='bbox 2528 3473 2853 3545; x_wconf 88' lang='grc' dir='ltr'><strong>ἀπαιτῶμεν</strong></span> <span class='ocrx_word' id='word_1_742' title='bbox 2895 3471 2993 3535; x_wconf 91' lang='grc' dir='ltr'><strong>τάς</strong></span> <span class='ocrx_word' id='word_1_743' title='bbox 3025 3469 3253 3533; x_wconf 83' lang='grc' dir='ltr'><strong>εὐθύνας</strong></span> <span class='ocrx_word' id='word_1_744' title='bbox 3289 3469 3443 3540; x_wconf 76' lang='grc' dir='ltr'><strong>ἡμᾶς</strong></span> 
     </span>
    </p>
   </div>
   <div class='ocr_carea' id='block_1_100' title="bbox 1858 3569 3437 3646">
    <p class='ocr_par' dir='ltr' id='par_1_100' title="bbox 1858 3569 3437 3646">
     <span class='ocr_line' id='line_1_100' title="bbox 1858 3569 3437 3646; baseline -0.007 -14"><span class='ocrx_word' id='word_1_745' title='bbox 1858 3577 2085 3641; x_wconf 78' lang='grc' dir='ltr'><strong>ἑαυτούς</strong></span> <span class='ocrx_word' id='word_1_746' title='bbox 2104 3591 2120 3607; x_wconf 79' lang='grc'><strong>⁸</strong></span> <span class='ocrx_word' id='word_1_747' title='bbox 2147 3574 2250 3630; x_wconf 81' lang='grc' dir='ltr'><strong>κᾶν</strong></span> <span class='ocrx_word' id='word_1_748' title='bbox 2281 3574 2481 3646; x_wconf 74' lang='grc' dir='ltr'><strong>ἴδωμέν</strong></span> <span class='ocrx_word' id='word_1_749' title='bbox 2512 3591 2567 3627; x_wconf 90' lang='grc' dir='ltr'><strong>τι</strong></span> <span class='ocrx_word' id='word_1_750' title='bbox 2592 3570 3004 3644; x_wconf 85' lang='grc' dir='ltr'><strong>ἡμαρτημένον,</strong></span> <span class='ocrx_word' id='word_1_751' title='bbox 3027 3569 3349 3640; x_wconf 86' lang='grc' dir='ltr'><strong>κολάσωμεν</strong></span> <span class='ocrx_word' id='word_1_752' title='bbox 3374 3569 3437 3622; x_wconf 85' lang='grc' dir='ltr'><strong>τὸ</strong></span> 
     </span>
    </p>
   </div>
   <div class='ocr_carea' id='block_1_101' title="bbox 1859 3663 3443 3742">
    <p class='ocr_par' dir='ltr' id='par_1_101' title="bbox 1859 3663 3443 3742">
     <span class='ocr_line' id='line_1_101' title="bbox 1859 3663 3443 3742; baseline -0.007 -14"><span class='ocrx_word' id='word_1_753' title='bbox 1859 3672 2134 3738; x_wconf 80' lang='grc' dir='ltr'><strong>συνειδὸς,</strong></span> <span class='ocrx_word' id='word_1_754' title='bbox 2185 3671 2602 3742; x_wconf 77' lang='grc' dir='ltr'><strong>ἐπιτιμήσωμεν</strong></span> <span class='ocrx_word' id='word_1_755' title='bbox 2647 3670 2715 3739; x_wconf 77' lang='grc' dir='ltr'><strong>τῇ</strong></span> <span class='ocrx_word' id='word_1_756' title='bbox 2764 3666 2995 3738; x_wconf 79' lang='grc' dir='ltr'><strong>διανοίᾳ,</strong></span> <span class='ocrx_word' id='word_1_757' title='bbox 3047 3663 3443 3735; x_wconf 81' lang='grc' dir='ltr'><strong>κατανύξωμεν</strong></span> 
     </span>
    </p>
   </div>
   <div class='ocr_carea' id='block_1_102' title="bbox 1854 3760 3441 3839">
    <p class='ocr_par' dir='ltr' id='par_1_102' title="bbox 1854 3760 3441 3839">
     <span class='ocr_line' id='line_1_102' title="bbox 1854 3760 3441 3839; baseline -0.007 -15"><span class='ocrx_word' id='word_1_758' title='bbox 1854 3770 1947 3825; x_wconf 85' lang='grc' dir='ltr'><strong>τὸν</strong></span> <span class='ocrx_word' id='word_1_759' title='bbox 1997 3768 2262 3839; x_wconf 87' lang='grc' dir='ltr'><strong>λογισμὸν</strong></span> <span class='ocrx_word' id='word_1_760' title='bbox 2307 3766 2450 3821; x_wconf 75' lang='grc' dir='ltr'><strong>οὕτω</strong></span> <span class='ocrx_word' id='word_1_761' title='bbox 2480 3764 2725 3837; x_wconf 83' lang='grc' dir='ltr'><strong>σφοδρῶς</strong></span> <span class='ocrx_word' id='word_1_762' title='bbox 2750 3806 2765 3828; x_wconf 90' lang='grc'><strong>,</strong></span> <span class='ocrx_word' id='word_1_763' title='bbox 2801 3763 2879 3828; x_wconf 86' lang='grc' dir='ltr'><strong>ὼς</strong></span> <span class='ocrx_word' id='word_1_764' title='bbox 2927 3762 3126 3834; x_wconf 87' lang='grc' dir='ltr'><strong>μηκέτι</strong></span> <span class='ocrx_word' id='word_1_765' title='bbox 3171 3760 3441 3831; x_wconf 81' lang='grc' dir='ltr'><strong>τολμῆσαι</strong></span> 
     </span>
    </p>
   </div>
   <div class='ocr_carea' id='block_1_103' title="bbox 1854 3854 3443 3933">
    <p class='ocr_par' dir='ltr' id='par_1_103' title="bbox 1854 3854 3443 3933">
     <span class='ocr_line' id='line_1_103' title="bbox 1854 3854 3443 3933; baseline -0.007 -13"><span class='ocrx_word' id='word_1_766' title='bbox 1854 3863 2247 3926; x_wconf 87' lang='grc' dir='ltr'><strong>διαναστάντας</strong></span> <span class='ocrx_word' id='word_1_767' title='bbox 2302 3863 2454 3933; x_wconf 79' lang='grc' dir='ltr'><strong>ἡμᾶς</strong></span> <span class='ocrx_word' id='word_1_768' title='bbox 2504 3859 2641 3931; x_wconf 85' lang='grc' dir='ltr'><strong>πρὸς</strong></span> <span class='ocrx_word' id='word_1_769' title='bbox 2696 3858 2759 3910; x_wconf 89' lang='grc' dir='ltr'><strong>τὸ</strong></span> <span class='ocrx_word' id='word_1_770' title='bbox 2824 3856 2958 3910; x_wconf 80' lang='grc' dir='ltr'><strong>αὐτὸ</strong></span> <span class='ocrx_word' id='word_1_771' title='bbox 3004 3856 3103 3927; x_wconf 81' lang='grc' dir='ltr'><strong>τῆς</strong></span> <span class='ocrx_word' id='word_1_772' title='bbox 3162 3854 3443 3927; x_wconf 88' lang='grc' dir='ltr'><strong>ἁμαρτίας</strong></span> 
     </span>
    </p>
   </div>
   <div class='ocr_carea' id='block_1_104' title="bbox 1856 3952 3443 4033">
    <p class='ocr_par' dir='ltr' id='par_1_104' title="bbox 1856 3952 3443 4033">
     <span class='ocr_line' id='line_1_104' title="bbox 1856 3952 3443 4033; baseline -0.008 -16"><span class='ocrx_word' id='word_1_773' title='bbox 1856 3963 2085 4033; x_wconf 86' lang='grc' dir='ltr'><strong>ἀγαγεῖν</strong></span> <span class='ocrx_word' id='word_1_774' title='bbox 2129 3959 2403 4033; x_wconf 84' lang='grc' dir='ltr'><strong>βάραθρον</strong></span> <span class='ocrx_word' id='word_1_775' title='bbox 2446 3958 2547 4029; x_wconf 80' lang='grc' dir='ltr'><strong>τῆς</strong></span> <span class='ocrx_word' id='word_1_776' title='bbox 2586 3959 2644 4009; x_wconf 84' lang='grc' dir='ltr'><strong>ἑν</strong></span> <span class='ocrx_word' id='word_1_777' title='bbox 2685 3952 2897 4026; x_wconf 64' lang='grc' dir='ltr'><strong>ἑσπέρᾳ</strong></span> <span class='ocrx_word' id='word_1_778' title='bbox 2956 3953 3168 4025; x_wconf 84' lang='grc' dir='ltr'><strong>πληγῆς</strong></span> <span class='ocrx_word' id='word_1_779' title='bbox 3224 3968 3443 4025; x_wconf 83' lang='grc' dir='ltr'><strong>μεμνη-</strong></span> 
     </span>
    </p>
   </div>
   <div class='ocr_carea' id='block_1_105' title="bbox 1858 4060 2041 4130">
    <p class='ocr_par' dir='ltr' id='par_1_105' title="bbox 1858 4060 2041 4130">
     <span class='ocr_line' id='line_1_105' title="bbox 1858 4060 2041 4130; baseline 0 -17"><span class='ocrx_word' id='word_1_780' title='bbox 1858 4060 2041 4130; x_wconf 90' lang='grc' dir='ltr'><strong>μένον.</strong></span> 
     </span>
    </p>
   </div>
   <div class='ocr_carea' id='block_1_106' title="bbox 1924 4143 3439 4225">
    <p class='ocr_par' dir='ltr' id='par_1_106' title="bbox 1924 4143 3439 4225">
     <span class='ocr_line' id='line_1_106' title="bbox 1924 4143 3439 4225; baseline -0.008 -16"><span class='ocrx_word' id='word_1_781' title='bbox 1924 4156 1987 4210; x_wconf 86' lang='grc' dir='ltr'><strong>ε’.</strong></span> <span class='ocrx_word' id='word_1_782' title='bbox 2021 4155 2147 4208; x_wconf 80' lang='grc' dir='ltr'><strong>Ὀτι</strong></span> <span class='ocrx_word' id='word_1_783' title='bbox 2175 4152 2285 4225; x_wconf 91' lang='grc' dir='ltr'><strong>γάρ</strong></span> <span class='ocrx_word' id='word_1_784' title='bbox 2304 4143 2458 4215; x_wconf 73' lang='grc' dir='ltr'><strong>οὗτος</strong></span> <span class='ocrx_word' id='word_1_785' title='bbox 2488 4152 2517 4205; x_wconf 90' lang='lat'><strong>6</strong></span> <span class='ocrx_word' id='word_1_786' title='bbox 2540 4146 2732 4220; x_wconf 79' lang='grc' dir='ltr'><strong>καιρὸς</strong></span> <span class='ocrx_word' id='word_1_787' title='bbox 2752 4146 3187 4218; x_wconf 74' lang='grc' dir='ltr'><strong>ἐπιτηδειότερος</strong></span> <span class='ocrx_word' id='word_1_788' title='bbox 3219 4145 3357 4215; x_wconf 90' lang='grc' dir='ltr'><strong>πρὸς</strong></span> <span class='ocrx_word' id='word_1_789' title='bbox 3378 4146 3439 4199; x_wconf 86' lang='grc' dir='ltr'><strong>τὸ</strong></span> 
     </span>
    </p>
   </div>
   <div class='ocr_carea' id='block_1_107' title="bbox 1854 4243 3433 4320">
    <p class='ocr_par' dir='ltr' id='par_1_107' title="bbox 1854 4243 3433 4320">
     <span class='ocr_line' id='line_1_107' title="bbox 1854 4243 3433 4320; baseline -0.007 -14"><span class='ocrx_word' id='word_1_790' title='bbox 1854 4251 2095 4307; x_wconf 91' lang='grc' dir='ltr'><strong>τοιοῦτον</strong></span> <span class='ocrx_word' id='word_1_791' title='bbox 2124 4250 2456 4320; x_wconf 89' lang='grc' dir='ltr'><strong>λογοθέσιον,</strong></span> <span class='ocrx_word' id='word_1_792' title='bbox 2479 4248 2708 4302; x_wconf 75' lang='grc' dir='ltr'><strong>ἄκουσον</strong></span> <span class='ocrx_word' id='word_1_793' title='bbox 2725 4243 2822 4298; x_wconf 90' lang='grc' dir='ltr'><strong>τοῦ</strong></span> <span class='ocrx_word' id='word_1_794' title='bbox 2842 4245 3125 4314; x_wconf 77' lang='grc' dir='ltr'><strong>προφήτου</strong></span> <span class='ocrx_word' id='word_1_795' title='bbox 3152 4243 3401 4308; x_wconf 87' lang='grc' dir='ltr'><strong>λέγοντος</strong></span> <span class='ocrx_word' id='word_1_796' title='bbox 3420 4261 3433 4274; x_wconf 82' lang='grc'><em>’</em></span> 
     </span>
    </p>
   </div>
   <div class='ocr_carea' id='block_1_108' title="bbox 1860 4334 3438 4416">
    <p class='ocr_par' dir='ltr' id='par_1_108' title="bbox 1860 4334 3438 4416">
     <span class='ocr_line' id='line_1_108' title="bbox 1860 4334 3438 4416; baseline -0.008 -14"><span class='ocrx_word' id='word_1_797' title='bbox 1860 4348 1919 4401; x_wconf 78' lang='grc' dir='ltr'><strong>Ἀ</strong></span> <span class='ocrx_word' id='word_1_798' title='bbox 1951 4334 2158 4416; x_wconf 75' lang='grc' dir='ltr'><strong>λέγετε</strong></span> <span class='ocrx_word' id='word_1_799' title='bbox 2183 4346 2253 4398; x_wconf 77' lang='grc' dir='ltr'><em>ἐν</em></span> <span class='ocrx_word' id='word_1_800' title='bbox 2278 4343 2406 4407; x_wconf 82' lang='grc' dir='ltr'><strong>ταῖς</strong></span> <span class='ocrx_word' id='word_1_801' title='bbox 2433 4339 2704 4410; x_wconf 79' lang='grc' dir='ltr'><strong>καρδίαις</strong></span> <span class='ocrx_word' id='word_1_802' title='bbox 2725 4337 2915 4407; x_wconf 80' lang='grc' dir='ltr'><strong>ὑμῶν,</strong></span> <span class='ocrx_word' id='word_1_803' title='bbox 2933 4336 3030 4391; x_wconf 82' lang='grc' dir='ltr'><strong>ἐ·πί</strong></span> <span class='ocrx_word' id='word_1_804' title='bbox 3054 4336 3185 4402; x_wconf 85' lang='grc' dir='ltr'><strong>ταῖς</strong></span> <span class='ocrx_word' id='word_1_805' title='bbox 3201 4338 3438 4404; x_wconf 71' lang='grc' dir='ltr'><strong>κοίταις</strong></span> 
     </span>
    </p>
   </div>
   <div class='ocr_carea' id='block_1_109' title="bbox 1854 4434 3439 4513">
    <p class='ocr_par' dir='ltr' id='par_1_109' title="bbox 1854 4434 3439 4513">
     <span class='ocr_line' id='line_1_109' title="bbox 1854 4434 3439 4513; baseline -0.005 -15"><span class='ocrx_word' id='word_1_806' title='bbox 1854 4442 2020 4513; x_wconf 78' lang='grc' dir='ltr'><strong>ὑμῶν</strong></span> <span class='ocrx_word' id='word_1_807' title='bbox 2048 4442 2444 4512; x_wconf 78' lang='grc' dir='ltr'><strong>κατανύγητε.</strong></span> <span class='ocrx_word' id='word_1_808' title='bbox 2477 4438 2656 4492; x_wconf 83' lang='grc' dir='ltr'><strong>Πολλά</strong></span> <span class='ocrx_word' id='word_1_809' title='bbox 2690 4436 2811 4506; x_wconf 88' lang='grc' dir='ltr'><strong>μεθ’</strong></span> <span class='ocrx_word' id='word_1_810' title='bbox 2835 4434 3053 4507; x_wconf 81' lang='grc' dir='ltr'><strong>ἡμέραν</strong></span> <span class='ocrx_word' id='word_1_811' title='bbox 3074 4434 3179 4505; x_wconf 83' lang='grc' dir='ltr'><strong>ὀὐχ</strong></span> <span class='ocrx_word' id='word_1_812' title='bbox 3207 4436 3283 4498; x_wconf 85' lang='grc' dir='ltr'><strong>ὡς</strong></span> <span class='ocrx_word' id='word_1_813' title='bbox 3315 4434 3439 4507; x_wconf 57' lang='grc' dir='ltr'><strong>βουέ</strong></span> 
     </span>
    </p>
   </div>
   <div class='ocr_carea' id='block_1_110' title="bbox 1855 4531 3437 4611">
    <p class='ocr_par' dir='ltr' id='par_1_110' title="bbox 1855 4531 3437 4611">
     <span class='ocr_line' id='line_1_110' title="bbox 1855 4531 3437 4611; baseline -0.006 -18"><span class='ocrx_word' id='word_1_814' title='bbox 1855 4538 2059 4611; x_wconf 87' lang='grc' dir='ltr'><strong>λόμεθα</strong></span> <span class='ocrx_word' id='word_1_815' title='bbox 2103 4539 2448 4611; x_wconf 82' lang='grc' dir='ltr'><strong>πράττομεν’</strong></span> <span class='ocrx_word' id='word_1_816' title='bbox 2490 4535 2582 4588; x_wconf 77' lang='grc' dir='ltr'><strong>καὶ</strong></span> <span class='ocrx_word' id='word_1_817' title='bbox 2607 4533 2751 4603; x_wconf 86' lang='grc' dir='ltr'><strong>φίλοι</strong></span> <span class='ocrx_word' id='word_1_818' title='bbox 2776 4531 3160 4604; x_wconf 82' lang='grc' dir='ltr'><strong>παροξύνουσι,</strong></span> <span class='ocrx_word' id='word_1_819' title='bbox 3213 4531 3309 4584; x_wconf 81' lang='grc' dir='ltr'><strong>καὶ</strong></span> <span class='ocrx_word' id='word_1_820' title='bbox 3358 4533 3437 4584; x_wconf 88' lang='grc' dir='ltr'><strong>οἰ-</strong></span> 
     </span>
    </p>
   </div>
   <div class='ocr_carea' id='block_1_111' title="bbox 1854 4625 3435 4704">
    <p class='ocr_par' dir='ltr' id='par_1_111' title="bbox 1854 4625 3435 4704">
     <span class='ocr_line' id='line_1_111' title="bbox 1854 4625 3435 4704; baseline -0.006 -16"><span class='ocrx_word' id='word_1_821' title='bbox 1854 4635 2009 4688; x_wconf 83' lang='grc' dir='ltr'><strong>κέται</strong></span> <span class='ocrx_word' id='word_1_822' title='bbox 2062 4632 2410 4704; x_wconf 83' lang='grc' dir='ltr'><strong>ἑκθηριοῦσι,</strong></span> <span class='ocrx_word' id='word_1_823' title='bbox 2456 4630 2552 4684; x_wconf 74' lang='grc' dir='ltr'><strong>καὶ</strong></span> <span class='ocrx_word' id='word_1_824' title='bbox 2611 4628 2750 4699; x_wconf 86' lang='grc' dir='ltr'><strong>γυνὴ</strong></span> <span class='ocrx_word' id='word_1_825' title='bbox 2801 4629 2996 4693; x_wconf 88' lang='grc' dir='ltr'><strong>λυπεῖ,</strong></span> <span class='ocrx_word' id='word_1_826' title='bbox 3066 4627 3162 4680; x_wconf 61' lang='grc' dir='ltr'><strong>καὶ⁵</strong></span> <span class='ocrx_word' id='word_1_827' title='bbox 3225 4625 3435 4679; x_wconf 87' lang='grc' dir='ltr'><strong>παιδίον</strong></span> 
     </span>
    </p>
   </div>
   <div class='ocr_carea' id='block_1_112' title="bbox 1851 4724 3435 4802">
    <p class='ocr_par' dir='ltr' id='par_1_112' title="bbox 1851 4724 3435 4802">
     <span class='ocr_line' id='line_1_112' title="bbox 1851 4724 3435 4802; baseline -0.006 -17"><span class='ocrx_word' id='word_1_828' title='bbox 1851 4733 2032 4802; x_wconf 79' lang='grc' dir='ltr'><strong>ὀδυνᾷ,</strong></span> <span class='ocrx_word' id='word_1_829' title='bbox 2064 4731 2158 4784; x_wconf 72' lang='grc' dir='ltr'><strong>καὶ</strong></span> <span class='ocrx_word' id='word_1_830' title='bbox 2178 4728 2333 4799; x_wconf 86' lang='grc' dir='ltr'><strong>δχλος</strong></span> <span class='ocrx_word' id='word_1_831' title='bbox 2363 4727 2705 4800; x_wconf 80' lang='grc' dir='ltr'><strong>πραγμάτων</strong></span> <span class='ocrx_word' id='word_1_832' title='bbox 2738 4724 3007 4795; x_wconf 86' lang='grc' dir='ltr'><strong>βιωτικῶν</strong></span> <span class='ocrx_word' id='word_1_833' title='bbox 3037 4725 3131 4778; x_wconf 76' lang='grc' dir='ltr'><strong>καὶ</strong></span> <span class='ocrx_word' id='word_1_834' title='bbox 3158 4724 3435 4794; x_wconf 88' lang='grc' dir='ltr'><strong>δημοσίων</strong></span> 
     </span>
    </p>
   </div>
   <div class='ocr_carea' id='block_1_113' title="bbox 1853 4819 3434 4899">
    <p class='ocr_par' dir='ltr' id='par_1_113' title="bbox 1853 4819 3434 4899">
     <span class='ocr_line' id='line_1_113' title="bbox 1853 4819 3434 4899; baseline -0.006 -18"><span class='ocrx_word' id='word_1_835' title='bbox 1853 4827 2231 4899; x_wconf 73' lang='grc' dir='ltr'><strong>περιίσταταιο</strong></span> <span class='ocrx_word' id='word_1_836' title='bbox 2267 4824 2363 4877; x_wconf 71' lang='grc' dir='ltr'><strong>καὶ</strong></span> <span class='ocrx_word' id='word_1_837' title='bbox 2410 4823 2473 4876; x_wconf 85' lang='grc' dir='ltr'><strong>οὐ</strong></span> <span class='ocrx_word' id='word_1_838' title='bbox 2520 4821 2796 4891; x_wconf 85' lang='grc' dir='ltr'><strong>δυνάμεθα</strong></span> <span class='ocrx_word' id='word_1_839' title='bbox 2844 4819 3072 4873; x_wconf 85' lang='grc' dir='ltr'><strong>συνιδεῖν</strong></span> <span class='ocrx_word' id='word_1_840' title='bbox 3115 4821 3262 4884; x_wconf 87' lang='grc' dir='ltr'><strong>τότε,</strong></span> <span class='ocrx_word' id='word_1_841' title='bbox 3314 4820 3434 4873; x_wconf 67' lang='grc' dir='ltr'><strong>οὐδὲ</strong></span> 
     </span>
    </p>
   </div>
   <div class='ocr_carea' id='block_1_114' title="bbox 1852 4916 3435 4990">
    <p class='ocr_par' dir='ltr' id='par_1_114' title="bbox 1852 4916 3435 4990">
     <span class='ocr_line' id='line_1_114' title="bbox 1852 4916 3435 4990; baseline -0.005 -12"><span class='ocrx_word' id='word_1_842' title='bbox 1852 4926 2001 4988; x_wconf 85' lang='grc' dir='ltr'><strong>ὅπως</strong></span> <span class='ocrx_word' id='word_1_843' title='bbox 2044 4917 2531 4990; x_wconf 77' lang='grc' dir='ltr'><strong>ὑποσκέλιζὸμεθα.</strong></span> <span class='ocrx_word' id='word_1_844' title='bbox 2580 4920 2806 4973; x_wconf 84' lang='grc' dir='ltr'><strong>Πάντων</strong></span> <span class='ocrx_word' id='word_1_845' title='bbox 2850 4918 2907 4971; x_wconf 83' lang='grc' dir='ltr'><strong>δὲ</strong></span> <span class='ocrx_word' id='word_1_846' title='bbox 2942 4916 3149 4971; x_wconf 87' lang='grc' dir='ltr'><strong>τούτων</strong></span> <span class='ocrx_word' id='word_1_847' title='bbox 3191 4917 3435 4971; x_wconf 83' lang='grc' dir='ltr'><strong>ἀπαλλα-</strong></span> 
     </span>
    </p>
   </div>
   <div class='ocr_carea' id='block_1_115' title="bbox 1852 5014 3434 5091">
    <p class='ocr_par' dir='ltr' id='par_1_115' title="bbox 1852 5014 3434 5091">
     <span class='ocr_line' id='line_1_115' title="bbox 1852 5014 3434 5091; baseline -0.005 -17"><span class='ocrx_word' id='word_1_848' title='bbox 1852 5022 2042 5091; x_wconf 82' lang='grc' dir='ltr'><strong>γέντες</strong></span> <span class='ocrx_word' id='word_1_849' title='bbox 2061 5060 2077 5083; x_wconf 97' lang='grc'><strong>,</strong></span> <span class='ocrx_word' id='word_1_850' title='bbox 2104 5019 2200 5071; x_wconf 77' lang='grc' dir='ltr'><strong>καὶ</strong></span> <span class='ocrx_word' id='word_1_851' title='bbox 2230 5016 2353 5070; x_wconf 86' lang='grc' dir='ltr'><strong>καθ’</strong></span> <span class='ocrx_word' id='word_1_852' title='bbox 2388 5017 2615 5078; x_wconf 81' lang='grc' dir='ltr'><strong>ἑαυτοὺς</strong></span> <span class='ocrx_word' id='word_1_853' title='bbox 2652 5016 2935 5083; x_wconf 88' lang='grc' dir='ltr'><strong>γενόμενοι</strong></span> <span class='ocrx_word' id='word_1_854' title='bbox 2966 5015 3107 5067; x_wconf 86' lang='grc' dir='ltr'><strong>κατά</strong></span> <span class='ocrx_word' id='word_1_855' title='bbox 3138 5014 3236 5084; x_wconf 79' lang='grc' dir='ltr'><strong>τὴν</strong></span> <span class='ocrx_word' id='word_1_856' title='bbox 3272 5015 3434 5066; x_wconf 73' lang='grc' dir='ltr'><strong>ἑσπέο</strong></span> 
     </span>
    </p>
   </div>
   <div class='ocr_carea' id='block_1_116' title="bbox 1853 5111 3435 5189">
    <p class='ocr_par' dir='ltr' id='par_1_116' title="bbox 1853 5111 3435 5189">
     <span class='ocr_line' id='line_1_116' title="bbox 1853 5111 3435 5189; baseline -0.005 -18"><span class='ocrx_word' id='word_1_857' title='bbox 1853 5135 1977 5189; x_wconf 90' lang='grc' dir='ltr'><strong>ραν,</strong></span> <span class='ocrx_word' id='word_1_858' title='bbox 2008 5116 2105 5170; x_wconf 80' lang='grc' dir='ltr'><strong>καὶ</strong></span> <span class='ocrx_word' id='word_1_859' title='bbox 2134 5115 2336 5185; x_wconf 79' lang='grc' dir='ltr'><strong>πολλῆς</strong></span> <span class='ocrx_word' id='word_1_860' title='bbox 2368 5112 2733 5174; x_wconf 85' lang='grc' dir='ltr'><strong>ἀπολαύοντες</strong></span> <span class='ocrx_word' id='word_1_861' title='bbox 2758 5111 3008 5183; x_wconf 80' lang='grc' dir='ltr'><strong>ἡσυχίας,</strong></span> <span class='ocrx_word' id='word_1_862' title='bbox 3043 5112 3435 5182; x_wconf 83' lang='grc' dir='ltr'><strong>συγκροτῶμεν</strong></span> 
     </span>
    </p>
   </div>
   <div class='ocr_carea' id='block_1_117' title="bbox 1851 5208 3433 5283">
    <p class='ocr_par' dir='ltr' id='par_1_117' title="bbox 1851 5208 3433 5283">
     <span class='ocr_line' id='line_1_117' title="bbox 1851 5208 3433 5283; baseline -0.004 -16"><span class='ocrx_word' id='word_1_863' title='bbox 1851 5214 1944 5267; x_wconf 87' lang='lat'><em>61:1</em></span> <span class='ocrx_word' id='word_1_864' title='bbox 1986 5212 2087 5283; x_wconf 82' lang='grc' dir='ltr'><strong>τῆς</strong></span> <span class='ocrx_word' id='word_1_865' title='bbox 2130 5210 2317 5280; x_wconf 86' lang='grc' dir='ltr'><strong>κλίνης</strong></span> <span class='ocrx_word' id='word_1_866' title='bbox 2350 5210 2411 5262; x_wconf 89' lang='grc' dir='ltr'><strong>τὸ</strong></span> <span class='ocrx_word' id='word_1_867' title='bbox 2454 5210 2825 5279; x_wconf 86' lang='grc' dir='ltr'><strong>δικαστήριον,</strong></span> <span class='ocrx_word' id='word_1_868' title='bbox 2861 5210 2947 5261; x_wconf 79' lang='grc' dir='ltr'><strong>ἵνα</strong></span> <span class='ocrx_word' id='word_1_869' title='bbox 2978 5208 3071 5261; x_wconf 87' lang='grc' dir='ltr'><strong>τὸν</strong></span> <span class='ocrx_word' id='word_1_870' title='bbox 3108 5210 3240 5263; x_wconf 87' lang='grc' dir='ltr'><strong>Θεὸν</strong></span> <span class='ocrx_word' id='word_1_871' title='bbox 3274 5210 3433 5262; x_wconf 82' lang='grc' dir='ltr'><strong>ἵλεων</strong></span> 
     </span>
    </p>
   </div>
   <div class='ocr_carea' id='block_1_118' title="bbox 1850 5305 3432 5381">
    <p class='ocr_par' dir='ltr' id='par_1_118' title="bbox 1850 5305 3432 5381">
     <span class='ocr_line' id='line_1_118' title="bbox 1850 5305 3432 5381; baseline -0.003 -16"><span class='ocrx_word' id='word_1_872' title='bbox 1850 5311 1939 5365; x_wconf 77' lang='grc' dir='ltr'><strong>διὰ</strong></span> <span class='ocrx_word' id='word_1_873' title='bbox 1965 5311 2066 5381; x_wconf 81' lang='grc' dir='ltr'><strong>τῆς</strong></span> <span class='ocrx_word' id='word_1_874' title='bbox 2098 5309 2352 5379; x_wconf 86' lang='grc' dir='ltr'><strong>τοιαύτης</strong></span> <span class='ocrx_word' id='word_1_875' title='bbox 2384 5308 2620 5380; x_wconf 87' lang='grc' dir='ltr'><strong>κρίσεως</strong></span> <span class='ocrx_word' id='word_1_876' title='bbox 2653 5306 2885 5377; x_wconf 75' lang='grc' dir='ltr'><strong>ἔχωμεν.</strong></span> <span class='ocrx_word' id='word_1_877' title='bbox 2915 5307 3014 5359; x_wconf 80' lang='grc' dir='ltr'><strong>Ἂν</strong></span> <span class='ocrx_word' id='word_1_878' title='bbox 3050 5305 3107 5359; x_wconf 89' lang='lat'><strong>66</strong></span> <span class='ocrx_word' id='word_1_879' title='bbox 3145 5306 3267 5359; x_wconf 77' lang='grc' dir='ltr'><strong>καθ’</strong></span> <span class='ocrx_word' id='word_1_880' title='bbox 3303 5306 3432 5361; x_wconf 77' lang='grc' dir='ltr'><strong>ἑκά-</strong></span> 
     </span>
    </p>
   </div>
   <div class='ocr_carea' id='block_1_119' title="bbox 1853 5397 3432 5473">
    <p class='ocr_par' dir='ltr' id='par_1_119' title="bbox 1853 5397 3432 5473">
     <span class='ocr_line' id='line_1_119' title="bbox 1853 5397 3432 5473; baseline -0.005 -17"><span class='ocrx_word' id='word_1_881' title='bbox 1853 5420 1987 5472; x_wconf 89' lang='grc' dir='ltr'><strong>στην</strong></span> <span class='ocrx_word' id='word_1_882' title='bbox 2016 5402 2233 5473; x_wconf 78' lang='grc' dir='ltr'><strong>ἡμέραν</strong></span> <span class='ocrx_word' id='word_1_883' title='bbox 2268 5400 2693 5471; x_wconf 88' lang='grc' dir='ltr'><strong>ἀμαρτάνωμεν,</strong></span> <span class='ocrx_word' id='word_1_884' title='bbox 2720 5399 2812 5452; x_wconf 73' lang='grc' dir='ltr'><strong>καὶ</strong></span> <span class='ocrx_word' id='word_1_885' title='bbox 2842 5398 3095 5468; x_wconf 88' lang='grc' dir='ltr'><strong>παίωμεν</strong></span> <span class='ocrx_word' id='word_1_886' title='bbox 3128 5398 3227 5468; x_wconf 83' lang='grc' dir='ltr'><strong>τὴν</strong></span> <span class='ocrx_word' id='word_1_887' title='bbox 3255 5397 3432 5466; x_wconf 65' lang='grc' dir='ltr'><strong>ψυχὴν</strong></span> 
     </span>
    </p>
   </div>
   <div class='ocr_carea' id='block_1_120' title="bbox 1851 5488 3432 5565">
    <p class='ocr_par' dir='ltr' id='par_1_120' title="bbox 1851 5488 3432 5565">
     <span class='ocr_line' id='line_1_120' title="bbox 1851 5488 3432 5565; baseline -0.005 -17"><span class='ocrx_word' id='word_1_888' title='bbox 1851 5495 1949 5565; x_wconf 82' lang='grc' dir='ltr'><strong>τὴν</strong></span> <span class='ocrx_word' id='word_1_889' title='bbox 1982 5495 2258 5565; x_wconf 87' lang='grc' dir='ltr'><strong>ἡμετέραν</strong></span> <span class='ocrx_word' id='word_1_890' title='bbox 2279 5535 2295 5560; x_wconf 93' lang='grc'><strong>,</strong></span> <span class='ocrx_word' id='word_1_891' title='bbox 2328 5492 2599 5564; x_wconf 83' lang='grc' dir='ltr'><strong>μηδέποτε</strong></span> <span class='ocrx_word' id='word_1_892' title='bbox 2634 5490 2691 5543; x_wconf 84' lang='lat'><strong>66</strong></span> <span class='ocrx_word' id='word_1_893' title='bbox 2728 5488 3147 5561; x_wconf 85' lang='grc' dir='ltr'><strong>αἰσθανώμεθα,</strong></span> <span class='ocrx_word' id='word_1_894' title='bbox 3180 5488 3432 5555; x_wconf 87' lang='grc' dir='ltr'><strong>καθάπερ</strong></span> 
     </span>
    </p>
   </div>
   <div class='ocr_carea' id='block_1_121' title="bbox 1848 5580 3433 5655">
    <p class='ocr_par' dir='ltr' id='par_1_121' title="bbox 1848 5580 3433 5655">
     <span class='ocr_line' id='line_1_121' title="bbox 1848 5580 3433 5655; baseline -0.003 -17"><span class='ocrx_word' id='word_1_895' title='bbox 1848 5587 1897 5639; x_wconf 90' lang='grc' dir='ltr'><strong>οἰ</strong></span> <span class='ocrx_word' id='word_1_896' title='bbox 1946 5585 2141 5654; x_wconf 85' lang='grc' dir='ltr'><strong>συνεχῆ</strong></span> <span class='ocrx_word' id='word_1_897' title='bbox 2202 5584 2494 5655; x_wconf 90' lang='grc' dir='ltr'><strong>τραύματα</strong></span> <span class='ocrx_word' id='word_1_898' title='bbox 2542 5581 2941 5653; x_wconf 75' lang='grc' dir='ltr'><strong>λαμδάνοντες,</strong></span> <span class='ocrx_word' id='word_1_899' title='bbox 2992 5580 3109 5635; x_wconf 80' lang='grc' dir='ltr'><strong>εἶτα</strong></span> <span class='ocrx_word' id='word_1_900' title='bbox 3158 5596 3433 5652; x_wconf 84' lang='grc' dir='ltr'><strong>καταφρο-</strong></span> 
     </span>
    </p>
   </div>
   <div class='ocr_carea' id='block_1_122' title="bbox 1848 5673 3430 5745">
    <p class='ocr_par' dir='ltr' id='par_1_122' title="bbox 1848 5673 3430 5745">
     <span class='ocr_line' id='line_1_122' title="bbox 1848 5673 3430 5745; baseline -0.004 -15"><span class='ocrx_word' id='word_1_901' title='bbox 1848 5676 2095 5739; x_wconf 84' lang='grc' dir='ltr'><strong>νοῦντες,</strong></span> <span class='ocrx_word' id='word_1_902' title='bbox 2144 5676 2412 5745; x_wconf 76' lang='grc' dir='ltr'><strong>πυρετοὺς</strong></span> <span class='ocrx_word' id='word_1_903' title='bbox 2463 5674 2558 5728; x_wconf 77' lang='grc' dir='ltr'><strong>καὶ</strong></span> <span class='ocrx_word' id='word_1_904' title='bbox 2608 5673 2839 5727; x_wconf 87' lang='grc' dir='ltr'><strong>θάνατον</strong></span> <span class='ocrx_word' id='word_1_905' title='bbox 2898 5675 3110 5737; x_wconf 80' lang='grc' dir='ltr'><strong>ἑαυτοῖς</strong></span> <span class='ocrx_word' id='word_1_906' title='bbox 3159 5673 3430 5743; x_wconf 84' lang='grc' dir='ltr'><strong>ἀφόρητον</strong></span> 
     </span>
    </p>
   </div>
   <div class='ocr_carea' id='block_1_123' title="bbox 1848 5764 3425 5835">
    <p class='ocr_par' dir='ltr' id='par_1_123' title="bbox 1848 5764 3425 5835">
     <span class='ocr_line' id='line_1_123' title="bbox 1848 5764 3425 5835; baseline -0.003 -14"><span class='ocrx_word' id='word_1_907' title='bbox 1848 5768 2222 5821; x_wconf 77' lang='grc' dir='ltr'><strong>ἐπισπῶνται·</strong></span> <span class='ocrx_word' id='word_1_908' title='bbox 2271 5766 2413 5821; x_wconf 70' lang='grc' dir='ltr'><strong>οὕτω</strong></span> <span class='ocrx_word' id='word_1_909' title='bbox 2466 5764 2530 5833; x_wconf 84' lang='grc' dir='ltr'><strong>δὴ</strong></span> <span class='ocrx_word' id='word_1_910' title='bbox 2574 5766 2667 5819; x_wconf 75' lang='grc' dir='ltr'><strong>καὶ</strong></span> <span class='ocrx_word' id='word_1_911' title='bbox 2709 5766 2872 5834; x_wconf 78' lang='grc' dir='ltr'><strong>ἡμεῖς</strong></span> <span class='ocrx_word' id='word_1_912' title='bbox 2913 5767 2978 5818; x_wconf 83' lang='grc' dir='ltr'><strong>ἐκ</strong></span> <span class='ocrx_word' id='word_1_913' title='bbox 3020 5766 3118 5834; x_wconf 78' lang='grc' dir='ltr'><strong>τῆς</strong></span> <span class='ocrx_word' id='word_1_914' title='bbox 3173 5764 3425 5835; x_wconf 82' lang='grc' dir='ltr'><strong>συνεχοῦς</strong></span> 
     </span>
    </p>
   </div>
  </div>
