4082 6442
672 346 770 404 661

671 458 884 526 ταύτης
908 453 1260 524 ἀναισθησίας
1293 455 1662 526 ἀπαραίτητον
1695 454 2055 524 ὲπισπώμεθα
2090 452 2240 526 [666]

668 538 957 609 τιμωρίαν.
994 530 1124 589 Οἶδα
1155 533 1236 589 ὅτι
1264 537 1493 606 φορτικὰ
1519 536 1588 588 τά
1624 537 1889 608 εἰρημένα
1911 569 1936 600 ,-
1961 537 2075 590 ἀλλ’
2128 535 2240 606 ἔχει

671 622 804 676 πολὺ
853 620 913 672 τὸ
959 619 1166 691 κέρδος.
1216 620 1459 691 ’Ἢμερον
1506 618 1701 689 ἔχομεν
1761 619 2063 688 Δεσπότην’
2116 634 2244 688 προ-

671 705 886 771 φάσεως
943 700 1296 756 ὲπιλαόέσθαι
1352 700 1599 770 βούλεται
1655 702 1852 770 μόνον,
1915 701 2010 753 καὶ
2061 701 2240 753 πᾶσαν

669 784 870 847 εὐθέως
920 783 1286 837 ἐπιδείκνυται
1341 782 1440 852 τὴν
1503 783 1934 854 φιλανθρωπίαν.
2005 773 2096 835 Εἰ’
2130 782 2240 854 γὰρ

669 866 1072 938 ἁμαρτάνοντες
1121 864 1216 919 καὶ
1252 864 1502 934 μένοντες
1547 864 1880 935 ἀτιμώρητοι
1933 865 2007 936 μὴ
2061 866 2238 932 ἐγινό-

669 948 808 1018 μεθα
842 948 1079 1018 χείρους,
1125 945 1227 1000 κᾶν
1269 947 1481 1018 ἀφῆκεν
1516 949 1648 1018 ἡμῖν
1693 948 1790 1018 τὴν
1823 946 2074 1000 κόλασιν·
2123 946 2238 1000 ἀλλ’

667 1025 776 1084 οἶδε
796 1030 953 1083 τοῦτο
987 1029 1172 1098 σαφῶς
1193 1070 1211 1097 ,
1253 1030 1336 1083 ὃτι
1365 1031 1474 1082 τῶν
1506 1030 1912 1101 ἁμαρτημάτων
1935 1029 2112 1082 αὐτῶν
2137 1031 2238 1082 οὐκ

668 1111 887 1165 ἔλαττον
915 1113 1060 1182 ἡμᾶς
1102 1111 1161 1166 τὸ
1197 1113 1272 1184 μή
1316 1111 1638 1176 κολάζεσθαι
1673 1113 2084 1184 ἁμαρτάνοντας
2112 1112 2238 1182 βλά-

669 1211 812 1248 πτει.
858 1195 958 1246 Διά
1007 1193 1164 1247 τοῦτο
1212 1194 1486 1264 ἐπιτίθησι
1535 1194 1634 1264 τὴν
1683 1194 1972 1265 τιμωρίαν,
2017 1195 2076 1248 ού
2128 1195 2236 1248 τῶν

667 1277 1008 1332 ἀπελθόντων
1046 1278 1289 1330 ἀπαιτῶν
1317 1277 1491 1349 δίκην,
1530 1277 1665 1330 ἀλλὰ
1691 1277 1758 1330 τά
1789 1277 2049 1348 μέλλοντα
2092 1278 2236 1349 διορ-

667 1359 949 1426 θούμενος.
993 1360 1104 1416 Καὶ
1147 1362 1234 1414 ἵνα
1279 1361 1454 1432 μάθῃς
1498 1362 1578 1413 ὃτι
1626 1361 1784 1414 τοῦτό
1828 1363 1976 1414 ἐστιν
2014 1361 2231 1432 ἀληθὲς,

666 1441 897 1496 ἄκουσον
942 1443 996 1495 τί
1041 1459 1172 1513 φησι
1206 1444 1341 1514 πρὸς
1365 1443 1456 1495 τὸν
1485 1442 1722 1496 Μωῦσέα
1742 1459 1757 1473 ·
1786 1443 1962 1510 Ἄφες
1982 1459 2059 1511 με
2081 1483 2095 1505 ,
2135 1444 2232 1496 καὶ

669 1526 957 1592 θυμωθεὶς
983 1525 1240 1593 ἐκτρίψω
1257 1526 1678 1592 αὑτούς.”Αφες
1709 1541 1796 1593 με,
1813 1523 2129 1594 ἔλεγεν,ούχ
2152 1525 2233 1577 ὅτι

667 1606 905 1678 Μωῢσῆς
935 1605 1094 1659 αὑτὸν
1132 1609 1379 1676 κατεῖχεν
1399 1623 1414 1637 ·
1446 1605 1594 1659 οὐδὲν
1628 1605 1740 1676 γὰρ
1765 1605 2062 1674 ἐφθέγξατο
2099 1605 2234 1675 πρὸς

667 1690 845 1754 αὑτὸν,
879 1689 1012 1742 ἀλλὰ
1036 1693 1161 1760 σιγῇ
1192 1690 1580 1760 παρειστήκει·
1613 1689 1747 1743 ἀλλά
1778 1687 2052 1757 πρόφασιν
2079 1687 2228 1758 αὐτῷ

665 1771 844 1826 δοῦναι
873 1771 1194 1843 βουλόμενος
1214 1772 1313 1840 τῆς
1335 1772 1477 1842 ὑπὲρ
1511 1771 1688 1824 αὐτῶν
1723 1773 2020 1843 ἱκετηρίας.
2054 1771 2230 1824 Ἐπει-

666 1853 732 1924 δή
769 1853 878 1925 γὰρ
911 1855 1035 1920 ἀξια
1066 1856 1163 1924 μὲν
1194 1855 1464 1916 κολάσεως
1490 1855 1735 1924 ἥμαρτον
1764 1855 1981 1916 ἐκεῖνοι,
2018 1854 2112 1906 καὶ
2137 1869 2230 1905 κο-

665 1934 875 1998 λάσεως
907 1937 1302 2008 ἀπαραιτήτου,
1351 1936 1573 2002 κολάσαι
1608 1936 1664 1988 δὲ
1703 1936 1897 1998 αὐτοὺς
1941 1937 2040 1988 οὐκ
2088 1936 2235 1988 ὲὸούο

665 2017 808 2079 λετο,
828 2017 965 2070 ἀλλά
987 2018 1177 2086 φιλανθ
1187 2017 1759 2089 ρωπεύσασθαι,τοῦτο
1773 2017 1828 2071 δὲ
1849 2018 2044 2085 αὐτοὺς
2072 2017 2232 2089 ρᾳθυ-

671 2099 932 2169 μοτέρους
950 2101 1142 2163 ὲποίει,
1166 2101 1449 2171 ἀμφότερα
1474 2100 1894 2163 κατεσκεύαζεν,
1931 2099 2070 2153 ὥστε
2095 2101 2231 2169 μήτε

666 2180 765 2251 τήν
796 2182 1068 2252 τιμωρίαν
1089 2183 1466 2252 ἐπενεχθῆναι,
1501 2184 1638 2251 μήτε
1667 2183 1905 2257 ἐκείνους
1931 2182 2232 2252 ῥᾳθυμοτέ-

669 2279 795 2333 ρους
831 2265 894 2316 ὲκ
914 2265 1011 2334 τῆς
1043 2265 1416 2335 ἀτιμωρησίας
1450 2263 1722 2332 γενέσθαι,
1757 2264 2023 2334 μαθόντας
2056 2264 2136 2316 ὅτι
2167 2265 2229 2316 ού

665 2345 818 2416 παρά
840 2346 938 2416 τὴν
958 2347 1159 2401 οἰκείαν
1197 2347 1372 2412 ἀξίαν,
1399 2347 1535 2401 ἀλλά
1554 2347 1702 2417 παρά
1723 2348 1821 2415 τὴν
1842 2346 1937 2399 τοῦ
1959 2345 2229 2409 Μωῢσέως

666 2430 999 2498 προστασίαν
1031 2430 1127 2500 τὴν
1146 2430 1314 2501 ὀργὴν
1344 2430 1435 2482 τοῦ
1459 2430 1725 2482 Δεσπότου
1759 2430 2029 2499 διέφυγον.
2061 2429 2231 2482 Τοῦτο

667 2512 761 2564 καὶ
778 2514 938 2582 ἡμεῖς
966 2512 1223 2575 πολλάκις
1254 2510 1537 2580 ποιοῦμεν,
1567 2513 1658 2564 καὶ
1679 2508 1896 2574 οἰκέτας
1922 2512 2048 2575 ἀξια
2079 2511 2233 2564 κολάο

667 2610 804 2657 σεως
835 2594 1330 2665 πλημμελήσαντας
1353 2593 1476 2647 οὗτε
1505 2594 1727 2648 κολάσαι
1761 2592 2231 2663 βουλόμενοι,ούτε

664 2675 758 2728 τοῦ
774 2677 836 2726 ὲκ
852 2677 950 2744 τῆς
965 2677 1237 2739 κολάσεως
1249 2676 1551 2742 ἀπαλλάξαι
1563 2676 1926 2745 φόδου,φίλοις
1939 2675 2230 2746 κελεύομεν

663 2757 773 2808 τῶν
787 2758 1068 2828 ἡμετέρων
1086 2759 1282 2820 αὐτοὺς
1295 2757 1601 2828 ἐξαρπάσαι
1616 2758 1836 2828 χειρῶν.
1857 2757 1999 2810 ὥστε
2027 2757 2123 2810 καὶ
2140 2757 2230 2810 τὸν

665 2839 828 2906 φόϐον
855 2840 1036 2903 αὐτοῖς
1062 2838 1439 2911 ένακμάζοντα
1471 2840 1673 2910 μένειν,
1690 2840 1783 2892 καὶ
1803 2840 1901 2902 τάς
1922 2840 2051 2909 παρ’
2071 2839 2229 2910 ἡμῶν

664 2921 878 2989 πληγάς
907 2922 1204 2990 διαφυγεῖν.
1257 2922 1425 2975 Τοῦτο
1467 2923 1560 2975 καὶ
1605 2924 1633 2975 6
1664 2921 1796 2984 Θεὸς
1834 2921 2092 2990 ἐποίησε·
2136 2922 2228 2973 καὶ

666 3006 748 3056 ὃτι
776 3004 921 3056 ἐστὶν
963 3005 1192 3075 ἀληθὲς,
1232 3007 1323 3058 ἀπ’
1370 3005 1550 3058 αὐτῶν
1591 3004 1699 3056 τῶν
1750 3005 2007 3074 ῥημάτων
2045 3004 2222 3074 δῆλον·

669 3089 851 3154 Ἀςρες
875 3103 972 3155 με,
998 3088 1152 3155 φησὶ,
1175 3087 1274 3140 καὶ
1301 3087 1606 3155 θυμωθείς.
1626 3088 1735 3141 Καὶ
1754 3086 1859 3155 μὴν
1886 3087 2013 3139 ὃταν
2049 3085 2227 3155 βουλο-

667 3169 861 3238 μένους
885 3169 1298 3239 τιμωρήσασθαι
1339 3169 1526 3238 μηδεὶς
1558 3169 1692 3238 ἀφῇ,
1730 3169 1848 3220 τότε
1878 3167 2224 3238 θυμούμεθα·

663 3251 823 3313 αὐτὸς
849 3251 905 3304 δὲ
924 3250 1092 3318 λέγει,
1123 3251 1292 3318 ’Ἄφες
1318 3267 1384 3317 με
1408 3250 1502 3302 καὶ
1517 3249 1929 3320 θυμωθὴσομαι,
1951 3250 2036 3302 ἵνα
2054 3249 2229 3321 μάθῃς

663 3336 744 3387 ὅτι
775 3333 944 3404 θυμὸς
971 3339 1031 3386 ού
1061 3333 1230 3395 πάθος
1254 3333 1373 3386 ἐστὶ
1403 3334 1531 3403 περὶ
1549 3332 1702 3395 Θεὸν,
1726 3333 1840 3384 ἀλλ’
1870 3335 1901 3403 ἡ
1931 3332 2053 3386 καθ’
2072 3333 2230 3403 ἡμῶν

663 3418 921 3487 γινομένη
970 3417 1187 3479 κόλασις
1232 3416 1403 3486 ταύτῃ
1454 3416 1697 3468 καλεῖται
1750 3418 1815 3486 τῇ
1866 3415 2226 3486 προσηγορίᾳ.

667 3501 834 3552 Ὅταν
864 3495 958 3551 οῦν
991 3499 1228 3568 ἀκούσῃς
1261 3497 1352 3550 τοῦ
1396 3497 1672 3560 Μωῦσέως
1708 3497 1977 3564 λέγοντος,
2014 3501 2084 3552 El
2115 3499 2232 3564 μὲν

664 3581 828 3650 ἀφῇς
867 3581 1069 3646 αὐτοῖς
1094 3581 1207 3648 τὴν
1233 3580 1542 3648 ἁμαρτίαν,
1574 3579 1741 3648 ἄφες,
1778 3579 1892 3650 πρὸ
1907 3578 1998 3632 τοῦ
2042 3579 2228 3632 δούλου

663 3664 757 3716 τὸν
789 3662 1063 3732 Δεσπότην
1090 3661 1413 3731 ὲκπλάγηθι,
1445 3662 1527 3714 ὅτι
1558 3662 1721 3725 αὐτὸς
1750 3661 1898 3731 αύτῷ
1926 3662 2025 3732 τῆς
2048 3661 2230 3730 φιλαν-

665 3746 912 3816 θρωπίας
938 3746 1137 3816 ταύτης
1169 3746 1408 3816 παρέσχε
1437 3746 1536 3806 τάς
1563 3745 1834 3816 ἀφορμάς.
1867 3746 1980 3797 Οὐκ
1999 3744 2231 3798 ἐνταῦθα

663 3829 723 3883 δὲ
764 3828 921 3898 μόνον
954 3827 1111 3880 τοῦτο
1144 3828 1430 3898 ἐποίησεν,
1475 3826 1608 3879 ἀλλά
1638 3826 1896 3898 καὶδπρὸς
1935 3827 2024 3879 τὸν
2070 3827 2230 3898 Ἰερε-

661 3981 937 4017 ιτ--ι-’.ε

1396 346 1453 398 S.
1488 340 1772 399 JOANNIS
1807 339 2289 398 ClIRYSOSTOMI
2330 333 2651 392 ARCHIEP.
2699 329 3241 390 CONSTANTINOI‘.

2277 3998 2527 4007 ——_._
2543 3999 2868 4007 --.—.—-..-.——-—_.

3819 327 3922 384 6&3

2348 450 2497 522 μίαν,
2544 449 2638 503 καὶ
2697 447 2829 518 πρὸς
2867 445 2957 498 τὸν
2999 443 3256 512 Ἰεζεκιὴλ
3284 442 3343 494 τὸ
3369 441 3522 493 ταὺτὸ
3559 439 3715 508 τοῦτό
3761 457 3920 510 φησι·

2343 530 2736 601 Περιὸράμετε
2763 528 2860 583 καὶ
2885 528 3038 580 ἴδετε
3059 527 3128 578 ἐν
3148 526 3277 592 ταῖς
3301 524 3924 599 ὀδοῖςίιερουσαλὴμ,

2341 617 2393 668 εἰ
2431 615 2562 669 ἐστι
2597 631 2686 679 τις
2718 610 2906 665 ποιῶν
2930 609 3110 678 κρίμα
3137 609 3235 661 καὶ
3277 601 3710 674 δικαιοσύκηγ”
3743 605 3922 673 Hauc

2340 697 2553 766 ἔσομαι
2581 695 2805 761 αὐτοῖς.
2849 689 3003 756 Εἶδες
3041 691 3484 761 φιλανθρωπίαν;
3518 691 3631 760 Τῆς
3666 688 3775 761 μήν
3805 690 3924 752 ἑνὸς

2339 779 2544 849 ἀρετῆς
2573 777 2757 832 πολλοὶ
2776 775 3203 830 τυναπολαύουσι
3225 775 3318 826 καὶ
3341 771 3450 826 τῶν
3471 773 3744 844 πονηρῶν·
3777 775 3847 842 τῇ
3868 773 3925 826 δὲ

2338 862 2444 916 τῶν
2488 859 2697 914 πολλῶν
2742 859 2941 929 κακίᾳ,
2990 856 3092 912 κᾶν
3122 852 3202 920 εἷς
3245 857 3274 908 6
3319 852 3663 927 κατορθῶν
3697 855 3910 925 μεταξὺ

2337 945 2508 1016 δήμου
2546 943 2766 1009 πολλοῦ,
2794 943 2854 996 ού
2897 939 3392 1010 συγκαταφέρεται·
3427 938 3542 991 ἀλλ’
3575 932 3658 1002 εἷς
3693 939 3796 1010 μὲν
3825 939 3925 993 ἀν⁹

2338 1030 2555 1101 θρωπος
2622 1028 2799 1100 ὀρθῶς
2858 1026 2966 1091 ζῶν
3018 1025 3190 1096 δῆμον
3252 1020 3546 1093 ὁλόκληρον
3605 1022 3928 1094 ἐξαρπάσαι

2335 1113 2616 1184 δυνήσεται
2649 1111 2749 1181 τῆς
2779 1110 2947 1184 ὀργῆς
2974 1107 3071 1162 τοῦ
3116 1105 3254 1160 Θεοῦ
3275 1145 3290 1168 ,
3333 1105 3486 1167 πόλις
3525 1103 3581 1156 δὲ
3618 1104 3927 1175 ὁλόκληρος

2335 1196 2703 1268 διεφθαρμένη
2734 1193 2869 1265 πρὸς
2901 1191 3000 1263 τὴν
3027 1190 3237 1245 οίκείαν
3266 1188 3486 1242 κόλασιν
3520 1187 3612 1239 καὶ
3639 1187 3928 1257 τιμωρίαν

2336 1279 2743 1334 ἐπισπάσασθαι
2772 1279 2863 1331 τὸν
2891 1271 2950 1330 εὖ
2981 1274 3199 1346 βιοῦντα
3237 1273 3331 1325 καὶ
3362 1271 3611 1324 καθελεῖν
3649 1272 3712 1323 ού
3750 1271 3925 1340 δυνή-

2336 1381 2510 1419 σεται.
2548 1363 2659 1417 Καὶ
2698 1361 2856 1415 τοῦτο
2905 1359 3014 1412 ἀπὸ
3040 1356 3135 1410 τοῦ
3169 1355 3292 1417 Νῶε
3321 1355 3500 1424 δῆλονο
3533 1354 3754 1407 πάντων
3785 1352 3927 1420 γοῦν

2335 1447 2538 1501 ἀπολλυ
2548 1446 2721 1517 μένων
2745 1443 3033 1506 διεσώζετο
3065 1441 3246 1512 μόνος·
3276 1439 3371 1492 καὶ
3386 1437 3493 1492 ἀπὸ
3521 1437 3612 1493 τοῦ
3634 1437 3928 1502 Μωῡσέως

2336 1529 2587 1600 φανερόν·
2643 1528 2802 1599 μόνος
2834 1525 2966 1594 γοῦν
2993 1524 3179 1594 ἴσχυσε
3219 1522 3388 1592 δῆμον
3420 1519 3675 1574 τοσοῦτον
3710 1537 3928 1591 παραι-

2335 1609 2622 1681 τήσασθαι.
2672 1608 2814 1677 Ἐγὼ
2842 1608 2898 1660 δὲ
2928 1605 3023 1660 καὶ
3055 1605 3242 1675 ἕτερον
3265 1600 3448 1672 μεῖζον
3473 1602 3580 1671 ἔχω
3601 1603 3701 1672 τῆς
3724 1602 3927 1669 φιλαν-

2335 1691 2581 1762 θρωπίας
2611 1691 2705 1744 τοῦ
2732 1691 2866 1743 Θεοῦ
2899 1689 3098 1758 δεῖγμα
3131 1689 3325 1739 εἰπεῖν.
3363 1686 3532 1739 Ὅταν
3552 1685 3662 1755 γὰρ
3705 1685 3928 1750 ζῶντας

2334 1772 2654 1844 ἀνθρώπους
2679 1771 2773 1824 καὶ
2802 1771 3117 1840 παρρησίαν
3145 1767 3366 1839 ἔχοντας
3402 1768 3475 1837 μὴ
3511 1766 3646 1837 εὕρῃ
3681 1767 3929 1838 δυναμέ-

2334 1873 2458 1918 νους
2489 1853 2878 1923 ἐξαιτήσασθαι
2915 1853 3040 1914 τοὺς
3074 1850 3486 1921 ἡμαρτηκότας,
3533 1852 3626 1903 ἐπὶ
3671 1851 3804 1913 τοὺς
3837 1867 3927 1903 τε·

2330 1936 2695 2007 λευτήσαντας
2750 1933 3120 2002 καταφεύγει,
3179 1933 3273 1986 καὶ
3329 1933 3396 1986 δι’
3455 1933 3700 1997 ἐκείνους
3745 1934 3924 2003 φησὶν

2331 2017 2641 2087 ἀφιέναιτά
2667 2018 3066 2089 ἁμαρτήματα,
3097 2015 3288 2086 ῶσπερ
3313 2011 3406 2069 οὖν
3443 2015 3522 2085 τῷ
3560 2016 3782 2086 Ἐζεκίᾳ
3810 2034 3926 2086 φη-

2334 2102 2440 2155 σίν·
2489 2098 2870 2168 ’Υπερασπιῶ
2896 2099 3009 2165 τῆς
3039 2099 3273 2162 πόλεως
3300 2099 3522 2165 ταύτης
3543 2097 3617 2150 δι’
3655 2099 3786 2168 ἐμὲ,
3817 2098 3925 2152 καί

2331 2184 2429 2239 διὰ
2449 2183 2631 2237 Δαυίδ
2659 2183 2764 2236 τόν
2787 2180 2969 2234 παῖδὰ
2983 2199 3123 2250 μου,
3151 2182 3258 2234 τὸν
3282 2180 3397 2248 ἤδη
3420 2182 3921 2248 τετελευτηκότα.

2331 2266 2496 2320 Ταῦτ’
2533 2261 2625 2320 οῦν
2654 2265 2854 2328 εἰδότες
2887 2265 2969 2318 ὅτι
2999 2263 3177 2316 πάντα
3209 2266 3345 2317 κινεῖ
3375 2264 3470 2316 καὶ
3512 2261 3928 2333 πραγματεύεσ-

2327 2366 2418 2402 ται
2446 2352 2474 2401 6
2499 2348 2653 2411 Θεὸς,
2687 2346 2827 2400 ῶστε
2857 2347 3006 2417 ἡμᾶς
3043 2347 3352 2413 ἀπαλλάξαι
3389 2347 3662 2411 κολάσεως
3695 2349 3794 2400 καὶ
3833 2366 3923 2401 τι-

2334 2430 2561 2502 μωρίας,
2584 2428 2781 2490 πολλάς
2799 2427 3127 2499 παρέχωμεν
3149 2427 3296 2497 αὐτῷ
3316 2427 3413 2490 τὰς
3433 2427 3920 2500 ἀφορμὰς,ἑξομο-

2330 2511 2670 2582 λογούμενοι,
2737 2508 3147 2582 μετανοοῦντες,
3198 2509 3544 2580 δακρύοντες,
3597 2511 3918 2580 εὐχόμενοι,

2328 2599 2439 2658 τοῖς
2471 2594 2697 2663 πλησίον
2730 2592 2831 2664 τὴν
2877 2591 3048 2662 ὀργὴν
3099 2591 3389 2663 ἀφιέντες,
3443 2591 3541 2661 τὴν
3586 2591 3696 2644 τῶν
3739 2591 3922 2656 πέλας

2332 2677 2520 2730 πενίαν
2547 2672 2957 2746 διορθούμενοι,
3007 2674 3064 2726 έν
3104 2675 3221 2736 ταῖς
3263 2672 3449 2741 εὐχαῖς
3481 2673 3764 2743 νήφοντες,
3809 2690 3917 2727 τα-

2329 2756 2758 2827 πεινοφροσύνην
2810 2753 3277 2825 ἐπιδεικνύμενοι,
3327 2754 3436 2807 τῶν
3496 2756 3918 2825 ἁμαρτημάτων

2333 2839 2671 2910 μεμνημένοι
2700 2836 2960 2906 συνεχῶς.

2404 2922 2478 2974 Ού
2512 2922 2622 2992 γὰρ
2650 2921 2812 2991 ἀρκεῖ
2831 2919 2893 2972 τὸ
2927 2921 3121 2983 εἰπεῖν,
3150 2920 3232 2973 ὅτι
3263 2919 3583 2991 ἁμαρτωλός
3611 2923 3748 2990 εἰμι,
3773 2921 3918 2975 ἀλλά

2333 3005 2412 3058 δεῖ
2436 3003 2530 3057 καὶ
2565 3003 2684 3056 κατ’
2723 2998 2862 3065 εἶδος
2890 3001 3068 3056 αὐτῶν
3095 3001 3404 3071 μεμνῆσθαι
3435 3002 3544 3054 τῶν
3575 3003 3917 3073 πλημμελη-

2339 3087 2542 3155 μάτων.
2596 3083 2864 3153 Καθάπερ
2910 3083 3019 3152 γάρ
3075 3082 3187 3153 πῦρ
3239 3084 3318 3146 εἰς
3369 3083 3608 3146 ἀκάνθας
3665 3086 3916 3153 ἐμπεσὸν

2335 3167 2583 3235 ἀφανίζει
2615 3165 2812 3236 ῥᾳδίως
2843 3164 3035 3228 αὑτὰς,
3063 3164 3207 3218 οὕτω
3236 3166 3330 3218 καὶ
3362 3164 3622 3235 λογισμὸς
3667 3167 3913 3237 συνεχῶς

2333 3249 2463 3320 παρ’
2492 3248 2670 3317 ἑαυτῷ
2712 3247 3091 3317 περιστρέφων
3123 3246 3190 3300 τά
3219 3247 3736 3318 πεπλημμελημένα
3755 3289 3771 3312 ,
3813 3253 3919 3320 ῥα.

2329 3331 2457 3394 δίως
2485 3329 2623 3383 αὑτά
2654 3329 2912 3382 ἀπόλλυσι
2940 3328 3032 3381 καὶ
3058 3329 3334 3381 καταδύει.
3371 3329 3428 3382 '0
3445 3329 3503 3382 δὲ
3525 3329 3658 3393 Θέὸς
3687 3332 3716 3382 6
3737 3331 3918 3402 ὑπερ-

2331 3414 2529 3468 ϐαίνων
2555 3413 2804 3482 ἀνομίας,
2835 3410 3064 3481 ἐξαίρων
3099 3410 3335 3475 ἀδικίας,
3363 3413 3460 3464 καὶ
3485 3411 3592 3464 τῶν
3621 3414 3919 3484 ἁμαρτιῶν

2329 3498 2496 3571 ήμάςθ
2523 3495 2873 3562 ἀπαλλάξειε,
2919 3493 3012 3546 καὶ
3058 3495 3159 3562 τῆς
3201 3492 3474 3561 βασιλείας
3518 3494 3642 3547 τῶν
3662 3496 3918 3565 οὐρανῶν

2337 3577 2607 3642 ἀξιώσειε,
2641 3578 2824 3647 χάριτι
2849 3576 2945 3628 καὶ
2973 3575 3352 3644 φιλανθρωπίᾳ
3388 3575 3484 3627 τοῦ
3517 3577 3722 3646 Κυρίου
3753 3578 3920 3647 ἡμῶν

2350 3659 2522 3729 Ἰησοῦ
2558 3657 2813 3729 Χριστοῦ.
2848 3657 2912 3710 δι’
2958 3650 3018 3710 οῦ
3049 3657 3141 3708 καῖ¹
3186 3655 3302 3724 μεθ’
3333 3649 3393 3708 οὗ
3424 3657 3503 3726 τῷ
3540 3659 3715 3727 [Ia-cpi.
3743 3658 3878 3723 δόξα
3899 3702 3914 3725 ,

2339 3743 2454 3811 ἃμα
2483 3741 2560 3812 τῷ
2606 3743 2744 3811 ἀγίῳ
2775 3740 3073 3809 Πνεύματι,
3113 3739 3208 3791 νῦν
3251 3738 3346 3792 καὶ
3389 3739 3508 3806 ἀεὶ,
3536 3740 3630 3793 καὶ
3665 3741 3744 3802 εἰς
3783 3743 3917 3805 τοὺς

2338 3823 2541 3886 αἰῶνας
2561 3825 2669 3877 τῶν
2696 3823 2926 3876 αἰώνων.
2966 3819 3160 3891 Ἀμήν.

2108 4147 2458 4206 MONITUM

725 4336 877 4392 lianc
907 4336 1284 4392 brevissimam
1324 4337 1623 4401 llomiliam,
1653 4352 1776 4392 cum
1807 4352 1914 4390 non
1962 4336 2307 4390 commodior
2332 4344 2583 4404 suppetat
2615 4337 2788 4400 locus,
2831 4336 3218 4406 subiungimus
3259 4337 3518 4404 humilius,
3560 4337 3649 4391 cui
3706 4338 3923 4408 titulus,

659 4449 778 4505 Non
831 4465 940 4502 esse
967 4448 1035 4502 ad
1074 4451 1303 4518 gratiam
1340 4447 1781 4514 concionandum,
1815 4449 2008 4502 eodem
2060 4448 2271 4502 scilicet
2303 4447 2432 4512 situ,
2462 4463 2570 4517 quo
2625 4450 2679 4502 in
2713 4449 2952 4505 cditione
2982 4449 3276 4504 Frontonis
3302 4448 3507 4505 Ducasi.
3546 4448 3914 4520 Suspicamur

655 4567 874 4638 quidam
912 4565 1012 4619 viri
1035 4565 1199 4627 docti,
1235 4573 1347 4618 tum
1376 4579 1440 4620 ex
1466 4565 1746 4629 brevitate,
1782 4575 1897 4619 tum
1924 4581 1989 4619 ex
2016 4565 2267 4620 ordiendi
2291 4565 2476 4627 modo,
2506 4581 2624 4620 eam
2653 4565 2810 4619 initio
2832 4580 2960 4620 esse
2985 4565 3255 4620 mutilam.
3293 4564 3362 4617 At
3395 4578 3461 4617 ex
3491 4561 3760 4617 brevitate
3790 4565 3918 4633 qui-

654 4680 777 4733 dem
815 4675 948 4730 nihil
981 4673 1182 4730 inferre
1213 4689 1527 4744 possumus,
1559 4675 1996 4746 quandoquidem
2032 4691 2099 4730 ex
2125 4675 2479 4731 concionibus
2511 4677 2851 4752 panegyricis
2881 4677 2935 4731 in
2991 4675 3222 4731 Sanelos
3261 4674 3381 4730 alia:
3418 4673 3652 4745 proferri
3682 4685 3922 4745 possunt

660 4796 761 4850 hac
795 4792 1101 4860 breviores,
1135 4808 1257 4862 qua:
1301 4803 1478 4847 tamen
1511 4802 1640 4846 sunt
1675 4792 1929 4847 omnibus
1948 4799 2000 4846 et
2040 4792 2284 4847 numeris
2313 4802 2367 4847 et
2397 4793 2642 4862 partibus
2673 4793 2790 4849 suis
2819 4793 3105 4848 absolutae.
3139 4791 3218 4846 Ex
3244 4791 3492 4848 ordiendi
3523 4800 3708 4848 autem
3751 4792 3921 4848 modo

662 4921 770 4962 non
800 4907 969 4975 liquet
995 4904 1127 4958 mihi
1159 4921 1226 4960 an
1270 4904 1451 4976 aliqua
1473 4905 1659 4968 desint
1700 4905 1882 4959 initio.
1919 4903 1986 4959 Ut
2017 4920 2149 4961 vero
2176 4914 2345 4975 patet,
2387 4905 2502 4960 haec
2525 4904 2745 4959 homilia
2781 4907 2835 4960 in
2885 4920 3014 4976 agro
3053 4903 3400 4961 Antiocheno
3431 4904 3616 4960 habita
3666 4915 3772 4971 cst,
3811 4922 3923 4977 quo

690 5056 3895 5093 .WW

1646 5226 1816 5310 ΕΙΣ
1889 5228 2455 5313 ΜΛΡΤΥΡΛΣ
2523 5228 2942 5314 ΟΜΙΛΙΛ.

751 5593 811 5646 Αἰ
836 5591 943 5646 τῶν
989 5591 1276 5666 μαρτύρων
1317 5592 1497 5663 ἑορταὶ
1542 5595 1638 5648 οὐκ
1682 5596 1738 5649 ἐν
1771 5599 1836 5665 τῇ
1869 5594 2096 5664 περιόδῳ
2123 5596 2225 5646 τῶν

677 5675 894 5747 ἧίλερῶν
928 5679 1104 5748 μόνον,
1154 5675 1285 5731 ἁῖἶὰ
1327 5678 1415 5729 κειῖ
1568 5678 1756 5749 γνώμῃ
1788 5679 1889 5733 τᾶν
1925 5680 2226 5732 Ξπῐτελινζιέ-

2337 5612 2443 5648 των
2475 5595 2761 5663 κρίνονται,
2815 5594 2939 5649 Οἷόν
2997 5615 3044 5649 τι
3082 5596 3241 5663 λέγωι
3302 5600 3558 5667 ἐμιμήςω
3608 5601 3899 5673 μάρτυρα.

2343 5678 2453 5694 ανιι
2707 5681 2716 5691 ⁵
2806 5683 2815 5688 ⁸
2900 5682 2908 5695 ι
3007 5681 3016 5692 ε
3142 5681 3151 5694 ν·
3375 5686 3382 5696 ι
3423 5684 3440 5696 υ
3655 5686 3664 5694 1
3747 5686 3766 5694 η
3849 5689 3857 5694 .

2473 5696 2617 5742 (03.1.;
2663 5681 2822 5732 3:579}
3000 5681 3221 5750 ipfﬁv;
3269 5686 3382 5733 κατ’
3423 5684 3564 5751 3',
3612 5686 3770 5738 :‘_':l':!,':t
3815 5689 3901 5753 ζῇς
