4082 6418
198 352 288 410 sst
1338 314 1647 403 atomus
1687 344 1750 401 1N
1793 345 2188 403 mammas.

193 444 521 499 Clementem
552 441 828 498 Dominum
855 439 1113 496 habemus
1145 457 1157 491 :
1187 436 1522 494 occasionem
1569 443 1772 490 tantum

189 531 426 603 srripere
476 533 619 598 vult,
644 542 698 588 et
722 545 935 590 omnem
984 524 1261 588 Confestim
1290 526 1506 585 exhibet
1531 525 1774 581 humani-

187 630 363 676 tatem.
393 621 454 678 Si
489 623 634 678 enim
659 636 776 676 cum
805 636 1084 689 peccamus
1115 629 1165 674 et
1194 619 1439 689 impuniti
1475 632 1772 681 manemus,

181 713 481 768 deteriores
507 727 616 768 non
642 712 909 775 heremus,
939 712 1126 766 saltem
1155 711 1310 765 nobis
1335 724 1546 780 poenam
1587 707 1774 762 remit-

179 809 311 858 teret
328 801 477 868 {sed
511 803 614 858 hoc
642 803 806 873 probe
845 802 1010 870 novit,
1041 817 1149 856 non
1193 801 1368 854 minus
1411 798 1594 854 damni
1623 797 1778 852 nobis

174 900 529 960 peccatorum
556 893 939 964 impunitatem,
963 907 1120 962 quam
1160 892 1384 961 ipsamet
1411 887 1604 944 all‘erre
1644 901 1772 957 pec-

176 991 309 1036 cata.
343 983 647 1053 Propterea
692 984 1006 1054 supplicium
1047 980 1224 1044 infert,
1258 995 1364 1035 non
1391 986 1452 1034 ut
1475 977 1771 1047 praeterito-

172 1065 290 1126 rum
314 1089 516 1143 pinnas
540 1075 737 1145 exigat,
769 1072 864 1129 sed
891 1083 948 1127 ut
967 1073 1018 1126 in
1045 1073 1281 1125 futurum
1310 1067 1578 1126 emendet.
1603 1068 1776 1136 Atque

169 1169 225 1214 nt
259 1162 366 1218 hoc
412 1179 608 1219 verum
655 1178 777 1218 esse
817 1163 1050 1229 noveris,
1101 1160 1223 1216 audi
1261 1159 1388 1230 quid
1435 1157 1502 1212 ad
1539 1157 1776 1228 Moysem

172 1249 318 1306 dicat
367 1253 522 1307 Deus
551 1270 563 1306 :
593 1251 806 1306 Dimitte
828 1269 928 1319 me,
954 1263 1000 1307 et
1027 1252 1318 1321 indignatus
1345 1251 1424 1303 ira
1455 1256 1669 1330 atteram
1693 1262 1777 1301 eos

172 1337 374 1412 (Exod.
402 1341 636 1412 32.10).
671 1342 885 1398 Dimitte
913 1357 1022 1406 me,
1049 1341 1278 1405 dicebat,
1314 1354 1418 1393 non
1467 1337 1609 1408 quod
1651 1350 1775 1391 eum

169 1427 386 1501 Moyses
416 1432 717 1487 retineret:
746 1433 874 1486 nihil
901 1431 1045 1487 enim
1069 1430 1133 1485 ad
1161 1431 1334 1501 ipsum
1359 1428 1609 1499 loquutus
1637 1435 1772 1493 erat,

169 1517 266 1592 sed
317 1520 522 1574 tacitus
571 1534 752 1574 coram
773 1532 840 1573 eo
863 1521 1069 1585 stabat;
1115 1533 1301 1575 verum
1344 1518 1677 1574 occasionem
1724 1516 1776 1571 ei

169 1608 423 1676 pmbere
469 1609 684 1665 volebat
728 1624 825 1680 pro
867 1609 970 1664 illis
1014 1609 1223 1664 orandi.
1265 1607 1396 1662 Nam
1423 1607 1670 1678 quoniam
1696 1605 1776 1662 illi

171 1698 447 1768 supplicio
490 1700 652 1772 digna
692 1709 906 1770 peccata
951 1699 1366 1767 commiserant,
1415 1708 1473 1756 et
1514 1700 1777 1770 supplicio

173 1785 498 1854 inevitabili,
529 1805 630 1846 nec
659 1799 835 1845 tamen
866 1790 985 1845 illos
1016 1789 1228 1845 volebat
1250 1790 1453 1860 punire,
1473 1790 1568 1845 sed
1587 1790 1777 1845 huma~

173 1875 402 1932 nitatem
435 1879 490 1932 in
520 1893 616 1934 eos
640 1892 911 1946 exemere,
932 1878 1033 1934 hoc
1056 1894 1185 1935 vero
1209 1879 1484 1949 segniores
1510 1881 1628 1935 illos
1648 1880 1775 1936 red-

173 1963 338 2022 debat
368 1985 383 2022 :
418 1977 709 2039 utrumque
737 1968 1038 2038 praestabat,
1064 1977 1123 2024 ut
1161 1984 1334 2039 neque
1357 1970 1671 2040 supplicium
1696 1971 1777 2026 in—

172 2054 433 2126 ferretur,
456 2074 552 2116 nec
574 2060 866 2115 deteriores
899 2061 1210 2131 impunitate
1238 2061 1315 2115 illi
1330 2060 1538 2128 tierent,
1557 2076 1677 2121 cum
1696 2061 1779 2116 in-

173 2147 505 2218 telligerent.
554 2165 614 2218 se
648 2166 755 2206 non
797 2167 895 2207 suo
937 2151 1148 2220 merito,
1179 2152 1276 2208 sed
1323 2161 1540 2223 propter
1578 2153 1776 2225 Moysis

171 2239 540 2306 patrocinium
588 2240 722 2296 iram
768 2241 978 2298 Domini
1020 2244 1268 2299 evitasse.
1313 2243 1428 2300 Hoc
1473 2259 1572 2300 nos
1614 2245 1776 2302 etiam

173 2341 567 2402 saepenumero
579 2331 826 2398 facimus,
843 2332 969 2387 dum
995 2347 1180 2389 servos
1194 2335 1283 2404 qui
1306 2335 1777 2394 animadversione

171 2415 331 2486 digna
380 2420 578 2475 delicta
617 2423 1002 2491 commiserint,
1051 2439 1226 2494 neque
1264 2425 1454 2495 punire
1497 2425 1773 2495 volumus,

173 2522 350 2577 neque
389 2523 670 2579 poenarum
695 2521 839 2568 metu
869 2514 1117 2581 liberare,
1144 2516 1331 2570 amicis
1355 2516 1697 2587 iniungimus,
1717 2526 1777 2573 ut

171 2591 489 2656 e'manibus
529 2603 728 2657 nostris
774 2619 870 2659 eos
916 2606 1166 2676 eripiant,
1210 2616 1270 2660 ut
1314 2615 1372 2663 et
1411 2616 1586 2663 metus
1614 2608 1666 2662 in
1692 2610 1776 2665 eis

172 2703 331 2758 teque
357 2689 653 2747 Vehemens
691 2703 923 2762 maneat,
955 2705 1011 2750 et
1030 2697 1209 2766 plagas
1237 2711 1269 2751 a
1294 2696 1448 2752 nobis
1473 2697 1776 2770 inferendas

170 2781 452 2853 ell'ugiant.
484 2785 612 2839 Tale
639 2785 766 2857 quid
806 2788 964 2842 etiam
991 2787 1133 2843 Deus
1176 2789 1424 2858 pmstitit
1450 2806 1464 2843 :
1494 2789 1655 2859 idque
1679 2805 1774 2845 ve-

174 2888 295 2928 rum
325 2889 470 2942 esse,
491 2876 659 2945 ipsius
685 2884 894 2932 constat
919 2891 986 2932 ex
1014 2876 1213 2943 verbis,
1233 2876 1440 2932 Dimitte
1464 2894 1562 2946 me,
1580 2879 1773 2948 inquit,

173 2974 219 3017 et
247 2965 549 3036 indignatus
573 2968 672 3024 ira.
707 2968 867 3036 Atqui
893 2983 991 3023 nos
1017 2982 1138 3024 cum
1166 2982 1351 3038 pcenas
1385 2983 1598 3025 sumere
1624 2970 1776 3025 volu-

176 3069 318 3122 mus,
348 3065 406 3112 et
433 3071 591 3112 nemo
626 3059 902 3126 permittit,
931 3067 1044 3113 tum
1071 3059 1332 3129 indignari
1360 3060 1628 3125 solemus;
1661 3059 1776 3129 ipse

175 3159 305 3200 vero
357 3145 510 3212 dicit,
538 3146 774 3212 Dimitte,
804 3155 858 3201 et
887 3147 1204 3218 indignabor
1245 3149 1324 3203 ira
1352 3165 1365 3201 :
1394 3155 1454 3203 ut
1481 3148 1771 3219 intelligas,
1815 3143 1825 3152 ’

177 3234 310 3289 iram
340 3235 394 3289 in
414 3235 524 3290 Deo
553 3235 1005 3307 perturbationem
1026 3251 1130 3291 non
1156 3252 1294 3301 esse,
1319 3237 1412 3294 sed
1434 3239 1771 3308 supplicium,

176 3337 281 3391 quo
311 3338 413 3379 nos
436 3324 621 3391 allicit,
656 3328 756 3380 hac
780 3326 1137 3396 appellatione
1156 3326 1445 3397 designari.
1461 3324 1594 3383 Cum
1615 3327 1775 3398 igitur

178 3411 415 3486 Moysem
433 3415 700 3472 dicentem
742 3417 1012 3472 audiveris
1054 3434 1069 3472 :
1110 3416 1173 3472 Si
1215 3419 1416 3487 quidem
1455 3419 1665 3473 remittis
1703 3420 1774 3473 eis

179 3515 457 3573 peccatum,
481 3508 676 3561 remitte
704 3506 898 3578 (Exod.
923 3508 1012 3563 '52.
1035 3509 1124 3576 31)
1150 3525 1163 3561 :
1185 3509 1332 3580 prius
1351 3525 1509 3580 quam
1538 3525 1773 3578 servum,

183 3593 469 3650 Dominum
498 3597 716 3663 mirare,
743 3599 884 3668 quod
910 3598 1067 3669 hujus
1097 3600 1211 3669 ipse
1235 3599 1572 3672 benignitatis
1612 3615 1772 3658 occa-

179 3681 386 3738 sionem
439 3685 516 3742 illi
562 3688 882 3761 praebuerit.
929 3687 1111 3759 Neque
1157 3705 1283 3746 vero
1324 3701 1528 3746 tantum
1569 3691 1624 3747 id
1670 3691 1774 3748 hoc

181 3771 298 3827 loco
341 3772 490 3851 fecit,
519 3775 613 3829 sed
639 3786 692 3830 et
716 3777 782 3832 ad
812 3778 1099 3833 Jercmiam
1120 3791 1176 3835 et
1214 3780 1283 3836 ad
1318 3781 1654 3838 Ezechielem
1686 3783 1769 3839 id-

1882 435 2053 507 ipsum
2079 437 2311 505 loquitur
2337 453 2351 490 :
2376 435 2786 503 Circumcurrite,
2819 447 2866 492 et
2886 438 3049 512 uidete
3075 438 3126 492 in
3158 439 3248 494 riis
3268 439 3474 497 Jerusa-

1881 527 1999 592 lem,
2031 529 2075 582 si
2101 537 2176 583 est
2199 530 2387 598 aliquis
2429 528 2618 600 faciens
2649 529 2893 600 iudicium
2919 540 2965 583 et
2983 530 3261 600 justitiam,
3292 540 3338 586 et
3360 548 3481 602 pro-

1882 616 2038 688 pitius
2077 634 2161 672 ero
2202 618 2250 672 ei
2300 617 2433 687 (Jer.
2464 618 2520 675 5.
2550 619 2624 690 l).
2661 617 2820 674 Vides
2863 618 3279 690 benignitatem?
3312 620 3475 678 Unius

1881 707 2075 774 yirtute
2117 709 2268 764 multi
2317 710 2476 764 etiam
2521 710 2666 779 pravi
2719 709 2876 764 simul
2921 707 3168 766 fruuntur
3199 729 3211 764 :
3239 719 3294 764 at
3322 712 3366 767 si
3393 714 3478 768 vel

1880 813 2017 853 unus
2041 798 2202 856 fuerit
2244 801 2436 856 virtute
2478 800 2731 870 praeditus
2775 815 2896 855 eum
2945 815 3233 855 numeroso
3277 800 3479 871 populo

1883 888 2101 956 mixtus,
2131 904 2238 943 non
2263 889 2735 959 abripitursimul;
2764 889 2857 945 sed
2888 889 3051 945 homo
3071 889 3284 959 quidem
3308 905 3470 955 unus,

1884 980 1974 1051 qui
2003 990 2156 1036 recte
2176 983 2337 1050 vivat,
2356 981 2618 1053 integrum
2651 982 2899 1052 populum
2926 982 3133 1052 eripere
3161 981 3358 1052 poterit
3378 982 3473 1038 irae

1883 1071 2100 1138 divinae,
2126 1072 2221 1127 sed
2247 1063 2452 1142 integra
2480 1071 2668 1127 civitas
2713 1071 2998 1142 depravata
3037 1071 3308 1126 hominem
3353 1071 3488 1131 vitm.

1880 1161 2058 1230 probat
2077 1161 2144 1216 ad
2173 1163 2480 1218 societatem
2504 1176 2676 1232 poma:
2696 1177 2759 1217 ac
2777 1149 3021 1231 supplicii
3050 1163 3135 1217 sui
3163 1161 3475 1232 pertrahere

1878 1266 1986 1307 non
2029 1252 2243 1322 poterit,
2276 1266 2338 1308 ac
2384 1251 2543 1307 simul
2588 1252 2835 1322 perdere.
2885 1254 3061 1322 Atque
3106 1252 3210 1307 hoc
3254 1268 3320 1308 ex
3362 1251 3475 1307 Noe

1879 1341 2044 1411 liquet
2071 1358 2084 1394 :
2113 1342 2207 1412 qui
2234 1340 2582 1414 pereuntibus
2609 1341 2815 1397 eductis
2857 1342 3002 1397 solus
3048 1342 3232 1397 salvus
3271 1340 3475 1406 evasit;

1879 1441 2037 1504 atque
2060 1449 2128 1489 ex
2154 1435 2269 1504 ipso
2294 1433 2476 1505 Moyse
2504 1442 2672 1504 patet,
2688 1433 2778 1504 qui
2797 1433 2943 1489 solus
2966 1433 3177 1488 veniam
3202 1440 3351 1487 tanto
3376 1445 3480 1502 po-

1880 1523 2006 1593 pulo
2047 1523 2214 1578 valuit
2262 1523 2569 1594 impetrare.
2618 1524 2730 1593 Ego
2777 1538 2906 1579 vero
2961 1537 3180 1593 possum
3225 1531 3281 1578 et
3329 1521 3476 1577 aliud

1881 1612 2046 1668 multo
2075 1612 2247 1682 majus
2289 1613 2485 1668 divinze
2531 1613 2873 1683 benignitatis
2915 1613 3168 1668 indicium
3210 1612 3475 1683 proferre.

1882 1703 2016 1759 Cum
2041 1704 2184 1759 enim
2218 1704 2467 1760 homines
2489 1704 2748 1771 viventes,
2778 1714 2831 1760 et
2857 1704 2946 1774 qui
2967 1705 3138 1775 gratia
3183 1704 3476 1758 valeantac

1883 1795 2092 1861 ﬁducia,
2125 1810 2231 1851 non
2259 1797 2478 1859 invenit,
2510 1796 2598 1865 qui
2619 1796 2824 1864 peccati
2854 1809 2975 1851 reos
3014 1795 3224 1865 poSsint
3267 1794 3475 1864 perieu-

1884 1886 1948 1940 lis
1977 1885 2224 1950 liberare,
2255 1885 2320 1940 ad
2346 1886 2452 1940 vita
2477 1886 2690 1942 functos
2717 1885 2972 1956 confugit,
3005 1894 3060 1940 et
3089 1893 3310 1955 propter
3353 1885 3473 1939 illos

1882 1975 1955 2029 ait
1981 1989 2040 2030 se
2079 1974 2272 2030 delicta
2316 1975 2604 2041 dimittere,
2649 1974 3098 2046 quemadmodum
3137 1983 3195 2031 et
3234 1975 3478 2030 Ezechia:

1880 2065 2016 2121 dixit
2047 2083 2059 2119 :
2091 2065 2364 2137 Protegam
2408 2066 2581 2122 urbem
2617 2067 2769 2120 istam
2812 2076 3016 2137 propter
3058 2075 3238 2131 me,.et
3268 2075 3473 2135 propter

1880 2155 2046 2210 David
2087 2173 2286 2211 seruum
2315 2173 2479 2210 meum
2510 2157 2584 2228 (4.
2610 2155 2848 2227 Reg.20.
2881 2155 2961 2225 6),
2987 2156 3078 2227 qui
3099 2155 3208 2225 jam
3234 2162 3477 2210 mortuus

1879 2257 2013 2304 erat.
2043 2247 2183 2303 Cum.
2205 2248 2365 2319 igitur
2383 2247 2498 2303 haec
2539 2247 2694 2304 nobis
2715 2247 2987 2317 explente
3009 2247 3136 2311 sint,
3162 2245 3328 2300 Deum
3356 2259 3476 2300 om-

1879 2341 1966 2395 nia
1991 2331 2208 2395 movere
2231 2354 2295 2396 ae
2321 2339 2518 2406 moliri,
2552 2350 2608 2394 ut
2633 2353 2732 2394 nos
2756 2339 2931 2408 poenis
2954 2353 3019 2393 ac
3046 2336 3308 2407 supplicio
3338 2335 3470 2390 liber

1878 2437 1982 2494 ret,
2032 2430 2227 2485 multas
2270 2432 2579 2486 occasiones
2623 2430 2700 2484 illi
2738 2431 3091 2499 praebeamus,
3138 2428 3476 2496 confitentes,

1880 2521 2245 2591 ptenitentiam
2289 2533 2529 2592 agentes,
2582 2520 2844 2592 lacrymas
2885 2519 3204 2585 fundentes,
3232 2529 3466 2580 orantes,

1879 2612 2011 2667 nam
2040 2612 2296 2682 proximis
2332 2611 2680 2678 dimittentes,
2710 2611 3134 2680 propinquorum
3181 2616 3474 2679 egestatem

1879 2701 2254 2768 sublevantes,
2290 2701 2347 2755 in
2390 2701 2718 2756 orationibus
2762 2699 3042 2770 vigilantes
3065 2740 3080 2764 ,
3116 2699 3471 2754 humilitatem

1879 2793 2212 2860 exhibentes,
2235 2803 2571 2863 peccatorum
2600 2789 2815 2848 assidue
2839 2791 3201 2847 recordantes.

1951 2882 2174 2937 Peccata
2213 2882 2507 2952 singulatim
2531 2881 2881 2950 exprimenda.
2906 2909 2982 2920 —
3005 2880 3120 2934 Non
3148 2879 3290 2933 enim
3318 2877 3468 2933 sufli-

1884 2974 1960 3028 cit
1987 2972 2186 3036 dicere,
2217 2971 2472 3028 Peceator
2498 2986 2638 3037 sum,
2665 2970 2762 3026 sed
2781 2979 2836 3027 et
2857 2971 3080 3041 singula:
3100 2979 3222 3024 sunt
3252 2969 3478 3025 delicto-

1884 3077 2002 3117 rum
2034 3060 2242 3132 species
2285 3060 2663 3130 exprimenda}.
2715 3059 2781 3116 Ut
2806 3060 2948 3115 enim
2975 3059 3022 3114 si
3052 3059 3106 3114 in
3130 3059 3309 3128 spinas
3336 3059 3474 3129 ignis

1881 3152 2150 3219 inciderit,
2184 3150 2340 3207 facile
2367 3151 2486 3206 illas
2502 3151 2809 3207 consumit:
2840 3151 2918 3206 sic
2943 3151 3104 3207 etiam
3151 3163 3305 3206 mens
3353 3166 3474 3220 qua:

1879 3244 2072 3300 delicta
2092 3258 2186 3300 sua
2210 3244 2518 3314 frequenter
2536 3243 2679 3313 apud
2709 3258 2769 3300 se
2786 3251 2982 3309 versat,
3011 3243 3167 3298 facile
3190 3242 3278 3297 illa
3298 3242 3473 3312 perdit

1879 3350 1943 3392 ac
1969 3334 2253 3405 demergit,
2282 3335 2421 3390 Deus
2450 3343 2630 3389 autem
2669 3333 2760 3404 qui
2791 3332 3118 3404 transcendit
3141 3332 3469 3404 iniquitates.

1879 3435 1934 3482 et
1949 3427 2117 3482 aufert
2137 3426 2439 3495 injustitias,
2469 3439 2570 3480 nos
2586 3432 2641 3480 et
2669 3438 2700 3478 a
2722 3425 2959 3495 peccatis
2986 3424 3196 3491 liberet,
3227 3431 3283 3479 et
3310 3423 3472 3479 caelo-

1879 3532 1999 3572 rum
2028 3531 2192 3588 regno
2217 3517 2402 3583 donet,
2433 3515 2599 3585 gratia
2625 3525 2680 3571 et
2708 3515 3035 3585 benignitate
3064 3511 3276 3570 Domini
3300 3514 3472 3568 nostri

1885 3606 2012 3662 Jesu
2043 3605 2262 3668 Christi,
2293 3620 2389 3675 per
2414 3620 2571 3673 quem
2601 3613 2656 3660 et
2693 3620 2814 3659 cum
2836 3618 2942 3674 quo
2962 3604 3106 3659 Patri
3149 3603 3338 3674 gloria,
3364 3615 3473 3656 una

1884 3710 2005 3750 cum
2033 3695 2229 3765 Spiritu
2256 3702 2463 3760 sancto,
2491 3708 2632 3750 nunc
2653 3702 2709 3750 et
2733 3707 2966 3764 semper,
2993 3701 3048 3749 et
3072 3692 3126 3749 in
3147 3693 3338 3749 saecula
3363 3703 3470 3746 sat-

1883 3784 2146 3839 culorum.
2172 3787 2362 3839 Amen.

190 3934 3435 3981 ’Ἦ

1173 4110 1178 4116 ’
1217 4125 1322 4187 AD
1368 4126 1802 4189 CONCIONEM
1851 4127 1931 4189 IN
1978 4129 2416 4193 MARTYRES.

172 4335 519 4394 conﬂuebant
554 4351 622 4392 ex
655 4335 875 4392 civitate
902 4337 1096 4406 multi;
1139 4339 1235 4395 sed
1285 4347 1578 4410 postquam
1621 4347 1676 4395 et
1705 4339 1913 4396 cultum
1949 4343 2287 4413 martyribus
2319 4343 2710 4412 exhibuerant,
2745 4355 2800 4403 et
2828 4349 3124 4408 conciones
3153 4352 3462 4421 audierant,

171 4452 238 4508 ad
269 4453 502 4523 popinas
528 4459 584 4506 et
619 4453 1058 4523 compotationes
1090 4453 1454 4513 divertebant.
1489 4456 1608 4524 Qua
1649 4457 1716 4514 de
1756 4472 1815 4515 re
1839 4458 1896 4514 in
1934 4473 2030 4516 eos
2073 4460 2275 4517 acriter
2318 4461 2605 4524 invehitur
2631 4477 2864 4522 sanctus
2908 4465 3123 4523 doctor.
3159 4465 3462 4538 Perpende,

172 4567 373 4638 inquit,
404 4583 564 4636 quam
585 4569 870 4624 ridiculum
897 4573 989 4639 sit,
1019 4580 1139 4641 post
1161 4573 1425 4642 ejusmodi
1454 4583 1800 4663 conventum,
1815 4585 1932 4645 post
1965 4578 2197 4650 vigilias,
2228 4589 2347 4650 post
2370 4599 2654 4638 sacrarum
2683 4583 3006 4640 auditionem
3034 4581 3463 4654 Scripturarum,

168 4694 287 4754 post
317 4685 620 4743 divinorum
657 4694 1120 4763 participationem
1146 4697 1541 4766 mysteriorum,
1577 4705 1626 4751 et
1650 4707 1769 4767 post
1795 4701 2133 4769 spiritualem
2163 4702 2528 4774 largitionem,
2551 4704 2724 4759 uirum
2755 4715 2851 4760 aut
2874 4706 3153 4762 mulierem
3186 4716 3324 4762 totos
3352 4705 3466 4761 dies

170 4800 226 4854 in
261 4799 472 4869 popinis
509 4805 860 4875 transigentes
891 4807 1078 4864 uideri.
1653 4881 1664 4886 ἱ

243 4915 630 4985 interpretatio
653 4916 846 4976 Latina
881 4931 964 4978 est
996 4920 1291 4979 Frontonis
1325 4924 1531 4982 Ductei.
1675 4891 1706 4903 χ

1088 5334 1205 5404 ΙΝ
1263 5332 1857 5407 MABTYRES
1905 5335 2372 5407 HOMILIA
2420 5321 2532 5407 (⁸).

1571 5474 1984 5517 --οο----

219 5585 470 5654 Martyres
507 5600 617 5638 vere
642 5587 806 5640 colere
834 5585 953 5655 quid
978 5586 1063 5640 sit.
1110 5583 1396 5654 Martyrum
1441 5585 1732 5638 solemnitas

1878 5566 2008 5619 :hola
2035 5566 2292 5622 virtutum.
2317 5599 2388 5609 —
2410 5569 2702 5642 Martyrum
2721 5570 2854 5627 festa
2881 5587 2987 5628 non
3007 5587 3077 5628 ex
3098 5571 3307 5628 dierum
3321 5575 3430 5628 eir-

211 5741 280 5803 (a)
311 5738 492 5790 ωιιοιε
512 5752 620 5791 cum
637 5743 744 5793 Cod.
771 5743 959 5793 Cotshn.
988 5757 1033 5792 n.
1060 5741 1164 5801 £95,
1191 5744 1272 5805 qui
1300 5748 1374 5795 est
1394 5749 1464 5794 Χι.
1497 5746 1678 5797 saeculi.

1834 5657 1977 5710 cuitu
2008 5659 2177 5712 solum
2196 5660 2325 5727 ,sed
2352 5661 2512 5716 etiam
2534 5678 2600 5718 ex
2633 5677 2818 5719 eorum
2844 5664 3163 5734 animo,qui
3194 5679 3255 5719 ea
3285 5666 3426 5720 cele-

1831 5747 2002 5818 brant,
2023 5751 2370 5814 mstimantur.
2392 5753 2636 5826 Exempli
2659 5767 2817 5812 causa
2846 5755 3109 5811 :imitatus
3125 5768 3184 5810 es
3214 5766 3412 5831 marty-
