4082 6430
580 379 686 438 663

581 491 987 555 rcmlvirtutem
1006 496 1407 566 eiustemulatus
1421 499 1505 576 es?
1522 497 1871 569 philosophiae
1882 496 2050 567 ipsius
2064 511 2159 549 ve-

580 586 751 657 stigiis
773 587 1051 642 institisti?
1077 588 1232 642 etiam
1253 604 1375 644 cum
1390 590 1576 645 festum
1595 604 1699 643 non
1717 597 1864 645 esset
1890 589 2159 661 martyris,

587 676 928 733 festivitatem
950 677 1199 747 martyris
1214 676 1518 737 celebrasti.
1543 678 1727 733 Honor
1749 680 1943 749 quippe
1960 687 2161 749 marty-

586 781 661 820 ris
683 766 906 821 imitatio
925 776 1008 825 est
1032 768 1297 845 martyris.
1332 770 1403 826 Ut
1419 762 1558 825 enim
1579 770 1673 840 qui
1692 769 1898 825 scelera
1916 770 2161 824 commit-

583 864 720 919 tunt,
743 858 902 911 etiam
924 858 977 915 in
995 857 1368 914 festivitatibus
1393 860 1509 915 sine
1535 859 1670 915 festo
1694 868 1815 915 sunt
1836 869 1890 917 et
1912 860 2115 931 profani
2143 878 2157 915 :

580 945 659 999 sic
681 946 769 1016 qui
788 948 1029 1002 virtutem
1051 960 1337 1017 exercent,
1362 952 1521 1006 etiam
1544 965 1665 1006 cum
1691 951 1835 1007 nulla
1859 963 1941 1007 est
1959 952 2159 1007 salem-

580 1038 739 1104 nitas,
768 1037 958 1093 festum
979 1040 1251 1096 celebrant
1269 1058 1285 1096 :
1305 1042 1564 1115 siquidem
1577 1044 1918 1099 conscientia:
1934 1043 2160 1112 puritate

580 1126 771 1183 festum
791 1131 1122 1198 exprimitur.
1150 1133 1266 1192 lloc
1280 1134 1437 1188 etiam
1451 1134 1690 1190 indicans
1711 1136 1903 1189 Paulus
1915 1134 2155 1190 dicebat:

578 1215 760 1286 Itaque
784 1221 963 1287 festum
983 1221 1285 1276 celebremus
1304 1240 1404 1277 non
1428 1224 1484 1278 in
1507 1224 1752 1294 fermento
1778 1225 1930 1278 veteri
1950 1223 2160 1279 malitia:

579 1320 626 1363 et
647 1313 900 1381 nequitur,
927 1315 1015 1369 sed
1041 1314 1094 1368 in
1115 1317 1303 1386 azymis
1326 1317 1628 1371 sinceritatis
1642 1327 1691 1373 et
1710 1318 1926 1373 veritatis
1942 1317 2017 1387 (1.
2036 1315 2155 1373 Cor.

579 1400 633 1454 5.
664 1401 740 1471 8).
767 1400 904 1457 Sunt
922 1403 1083 1473 igitur
1108 1420 1293 1479 azyma
1318 1406 1458 1476 apud
1484 1407 1718 1472 iudices,
1766 1419 1889 1462 sunt
1914 1417 1969 1463 et
2017 1405 2157 1476 apud

578 1503 677 1546 nos
704 1509 716 1544 :
743 1507 928 1547 verum
956 1495 1095 1563 apud
1124 1495 1247 1551 illos
1268 1484 1479 1566 quidem
1508 1512 1751 1570 azymum
1774 1508 1856 1554 est
1881 1514 1944 1553 ex
1988 1496 2156 1552 farina

579 1578 902 1647 confectum,
933 1582 1076 1653 apud
1093 1598 1190 1639 nos
1209 1594 1384 1641 autem
1412 1588 1535 1641 vitae
1556 1587 1776 1657 puritas,
1833 1597 1888 1643 et
1936 1588 2160 1642 cenver-

576 1670 718 1728 Ratio
739 1670 808 1727 ab
834 1674 980 1728 omni
1002 1675 1235 1745 nequitia
1261 1676 1455 1731 aliena.
1477 1678 1579 1745 Qui
1600 1693 1728 1749 ergo
1743 1679 1811 1734 ab
1834 1681 1977 1734 omni
1999 1679 2157 1735 sorde

578 1773 644 1815 ac
668 1763 873 1820 macula
902 1780 1087 1834 puram
1109 1766 1271 1829 vitam
1301 1783 1455 1831 suam
1476 1778 1779 1836 conservat,
1815 1769 2049 1840 quotidie
2075 1769 2155 1825 fe-

581 1860 722 1907 etum
746 1854 981 1923 celebrat
1001 1871 1062 1913 ac
1084 1859 1500 1926 solemnitatem,
1518 1861 1642 1916 licet
1670 1876 1768 1917 nec
1795 1863 1846 1916 in
1877 1862 1963 1917 die
1990 1877 2088 1917 nec
2104 1863 2155 1917 in

581 1945 793 2014 templis
806 1957 1125 2026 martyrum,
1146 1951 1240 2007 sed
1268 1952 1408 2008 domi
1429 1953 1633 2010 sedeat.
1657 1955 1840 2012 Potest
1860 1955 2000 2010 enim
2016 1954 2156 2026 apud

580 2046 641 2091 se
670 2024 1032 2109 unus/quisque
1060 2040 1254 2099 festum
1304 2052 1595 2115 martyrum
1635 2045 1930 2103 celebrare.
1981 2024 2157 2118 Atque

582 2122 697 2180 htec
745 2139 775 2180 a
826 2141 912 2185 me
953 2129 1216 2197 dicuntur,
1250 2148 1354 2189 non
1397 2144 1455 2189 ut
1494 2135 1560 2189 ad
1596 2146 1888 2208 martyrum
1916 2136 2158 2209 sepulcra

579 2227 685 2267 non
703 2216 1053 2283 accedamus;
1083 2220 1176 2277 sed
1198 2230 1254 2275 ut
1277 2224 1594 2280 accedentes
1634 2240 1754 2281 cum
1791 2241 1853 2283 ea
1875 2227 1977 2298 qua
2002 2227 2158 2283 decet

578 2304 855 2363 alacritate
872 2309 1038 2388 animi
1064 2302 1361 2380 veniamus,
1385 2325 1440 2370 et
1469 2332 1574 2371 non
1602 2318 1772 2373 solum
1804 2320 2014 2373 illorum
2043 2319 2157 2374 die-

581 2397 700 2465 bus,
723 2398 817 2456 sed
846 2401 952 2459 alio
980 2418 1190 2474 quoque
1208 2414 1446 2477 tempore
1478 2410 1730 2480 pietatem
1757 2411 2000 2467 eamdem
2046 2425 2165 2481 pra:

578 2488 734 2546 nobis
784 2490 1038 2551 feramus.
1087 2496 1223 2565 Quis
1260 2514 1401 2554 enim
1448 2500 1705 2558 hodierno
1750 2504 1838 2558 di'e
1888 2517 1991 2559 non
2037 2518 2153 2560 ete-

580 2590 689 2637 tmn
733 2592 975 2643 nostrum
1018 2597 1260 2654 miretur,
1304 2593 1641 2661 splendidum
1684 2593 1825 2650 istud
1866 2594 2152 2663 theatrum,

574 2672 847 2732 caritatem
919 2676 1241 2746 ferventem,
1295 2682 1541 2740 aliectum
1606 2685 1919 2751 ardentem,
1999 2686 2155 2743 indo-

577 2760 763 2817 mitum
804 2768 1081 2822 amorem?
1132 2769 1204 2824 lia
1252 2779 1358 2825 tota
1385 2775 1769 2843 propemodum
1818 2776 2004 2832 civitas
2050 2778 2155 2835 hnc

488 2892 493 2893 κ
544 2860 970 2930 _counnigravit,
1020 2874 1075 2921 et
1118 2881 1289 2937 neque
1322 2884 1534 2926 servum
1577 2872 1779 2929 domini
1825 2876 1983 2932 timor
2026 2878 2154 2933 reti-

574 2948 724 3014 nuit,
781 2966 953 3021 neque
998 2970 1281 3026 pauperem
1325 2964 1575 3031 egestatis
1619 2968 1938 3033 necessitas,
1983 2984 2154 3039 neque

575 3049 757 3093 Senem
784 3045 956 3098 relatis
1010 3046 1346 3105 imbecillitas
1377 3092 1395 3117 ,
1450 3067 1621 3123 neque
1669 3058 1945 3114 mulierem
1993 3074 2153 3118 sexus

574 3126 861 3196 mollities;
889 3148 994 3188 non
1021 3135 1237 3192 divitem
1270 3139 1434 3197 fastus
1457 3156 1637 3212 opum,
1662 3161 1767 3202 non
1789 3149 2153 3219 magistratum

575 3219 824 3286 superbia
853 3229 1128 3292 potestatis
1158 3246 1172 3283 :
1202 3230 1296 3286 sed
1347 3247 1497 3288 amor
1525 3245 1840 3308 martyrum,
1862 3241 1961 3295 hac
2008 3245 2153 3299 onmi

575 3308 783 3365 sublata
803 3312 1178 3388 inaequalitate,
1198 3329 1398 3377 naturae
1424 3325 1807 3396 imbecillitate,
1837 3346 1901 3386 ac
1922 3347 2149 3407 pauper-

574 3402 700 3457 tatis
739 3408 1085 3475 necessitate,
1132 3421 1332 3469 tantam
1368 3417 1758 3477 multitudinem
1804 3402 1937 3479 una‘
1962 3402 2151 3484 catena

576 3488 877 3550 devinctam
901 3496 1260 3570 hucattraxit,
1288 3514 1342 3559 et
1371 3506 1562 3563 all‘ectu
1614 3509 1665 3562 in
1693 3523 1957 3583 martyres
2000 3520 2150 3586 quasi

577 3583 773 3649 pennis
803 3587 1107 3658 subvectos,
1130 3596 1275 3649 velut
1302 3596 1367 3650 ad
1407 3599 1569 3653 vitam
1623 3602 1676 3656 in
1715 3605 1862 3661 cmlis
1889 3583 2147 3676 agendam

576 3671 855 3730 incitavit:
880 3679 1138 3749 siquidem
1166 3688 1308 3740 omni
1334 3687 1566 3746 lascivia:
1591 3671 2151 3769 luxuriarquc'pertur-

575 3764 790 3823 batione
805 3783 1076 3840 superata,
1108 3788 1395 3849 martyrum
1419 3797 1603 3842 amore
1624 3764 1868 3855 succensi
1890 3764 2037 3849 estis.
2080 3793 2153 3851 Ut

575 3856 719 3909 enim
747 3872 866 3913 cum
894 3863 1121 3931 primum
1145 3870 1276 3924 radii
1304 3874 1430 3928 solis
1459 3878 1719 3945 oriuntur,
1753 3883 2029 3954 aufugiunt
2067 3885 2150 3943 fe-

578 3960 674 4011 rte,
707 3961 870 4019 seque
891 3953 1123 4012 latibulis
1152 3954 1665 4023 suis'abscondunt:
1709 3972 1778 4024 ita
1824 3953 1943 4028 eum
1984 3980 2150 4033 menti

573 4045 773 4091 nostra:
812 4051 1103 4115 martyrum
1131 4048 1310 4105 lumen
1330 4054 1607 4121 alfulserit,
1639 4063 1816 4116 omnia
1848 4064 1971 4119 vitia
2002 4082 2149 4122 mor-

572 4126 731 4195 bique
756 4142 815 4185 se
843 4135 1127 4200 occultant,
1152 4154 1214 4194 ac
1239 4142 1513 4210 splendida
1543 4132 1895 4222 philosophia:
1937 4154 2150 4216 ﬂamma

572 4221 927 4279 succenditur.
956 4227 1058 4283 Sed
1083 4239 1138 4285 ut
1166 4248 1267 4287 non
1299 4236 1469 4291 solum
1523 4241 1621 4294 hoc
1673 4251 1931 4315 tempore,
1965 4264 2148 4305 verum

572 4309 729 4408 etiam
758 4326 987 4383 semper,
1022 4329 1075 4374 ct
1101 4331 1378 4393 postquam
1407 4329 1637 4384 solutum
1669 4309 1825 4389 fuerit
1853 4309 1953 4392 hoc
1988 4341 2148 4408 spiri-

574 4402 711 4456 tuale
730 4404 989 4461 theatrum
1016 4432 1037 4474 ,η
1081 4412 1346 4469 ﬂammam
1380 4418 1531 4474 istam
1557 4437 1931 4483 conservemus
1956 4470 1970 4494 ,
2018 4402 2148 4487 cum

571 4493 758 4547 eadem
790 4498 951 4551 animi
970 4499 1249 4560 devotione
1267 4506 1485 4562 domum
1510 4513 1839 4581 recedamus,
1860 4533 2033 4590 neque
2050 4534 2149 4576 nos

571 4587 779 4655 popinis
807 4604 869 4643 ac
897 4592 1098 4659 lustris,
1129 4598 1373 4654 ebrietati
1412 4610 1464 4654 ct
1493 4587 1968 4664 comessationibus
1995 4611 2145 4667 addi-

567 4679 1019 4767 camus.’Nocteni
1048 4692 1385 4745 convertistis
1416 4691 1468 4746 in
1496 4693 1637 4751 diem
1668 4712 1760 4765 per
1788 4713 1967 4755 sacras
2018 4702 2145 4758 istas

566 4766 812 4845 vigilias:
847 4772 1010 4828 nolite
1034 4791 1218 4832 rursus
1239 4780 1379 4835 diem
1413 4783 1463 4836 in
1492 4795 1699 4840 noctem
1722 4803 1819 4857 per
1833 4790 2143 4850 ebrietatem

567 4867 622 4912 et
643 4861 911 4929 crapulam
930 4878 992 4918 ac
1018 4870 1348 4925 meretricios
1378 4883 1565 4929 cantus
1586 4890 1925 4935 convertere.
1958 4882 2142 4938 Hono-

568 4950 698 5004 rasti
727 4960 1007 5023 martyres,
1036 4957 1159 5011 dum
1188 4961 1423 5027 adfuisti,
1447 4964 1571 5019 dum
1599 4968 1864 5033 audivisti,
1894 4972 2015 5026 dum
2035 4984 2145 5029 stu-

565 5040 714 5098 dium
740 5058 851 5111 pra:
892 5057 943 5101 te
970 5048 1131 5104 tulisti
1163 5069 1177 5105 :
1211 5052 1410 5109 honora
1439 5058 1597 5111 etiam
1632 5060 1749 5115 illos
1777 5063 2143 5121 modeste'do-

573 5146 711 5200 mum
732 5136 1051 5204 recedentia,
1088 5157 1152 5197 ne
1170 5146 1285 5213 quis
1318 5146 1401 5199 ubi
1434 5158 1483 5202 te
1512 5164 1696 5219 parum
1738 5151 1929 5208 decore
1956 5172 2145 5227 gerens

571 5230 672 5317 tem
694 5223 884 5279 viderit
904 5228 955 5281 in
982 5231 1196 5299 popina,
1224 5243 1273 5289 te
1291 5251 1397 5290 non
1422 5248 1643 5309 propter
1661 5252 1919 5317 martyres
1938 5223 2145 5303 venisse

566 5310 728 5381 dicat,
754 5317 848 5371 sed
878 5328 937 5373 ut
966 5320 1153 5377 vitium
1182 5341 1425 5398 augeres,
1484 5342 1539 5385 ut
1570 5310 1827 5403 improba:
1870 5340 2140 5407 cupiditati

564 5406 813 5495 servires.
838 5407 964 5465 Haec
987 5428 1090 5467 non
1114 5430 1179 5469 eo
1205 5418 1345 5485 dico,
1374 5430 1427 5474 ut
1459 5422 1663 5478 deliciis
1686 5424 1883 5494 perfrui
1923 5406 2092 5485 vetem
2122 5473 2136 5495 ,

563 5493 656 5546 sed
680 5502 735 5547 ut
764 5510 976 5565 peccata
998 5505 1264 5562 committi
1286 5519 1459 5565 vetem
1487 5529 1499 5565 :
1532 5530 1635 5567 non
1667 5493 1806 5583 quod
1835 5517 2014 5573 bibere
2044 5493 2139 5576 ve-

564 5590 694 5650 tem,
718 5588 811 5643 sed
843 5600 899 5645 ut
918 5593 1127 5649 ebrium
1175 5599 1285 5654 ﬁeri
1311 5612 1501 5657 vetem.
1528 5604 1644 5657 Non
1674 5607 1814 5660 enim
1838 5610 2033 5669 malum
2062 5623 2142 5667 est

562 5678 768 5767 viuum,
785 5682 876 5735 sed
904 5686 1218 5744 immodicus
1245 5693 1359 5759 ejus
1377 5710 1505 5749 usus
1527 5699 1608 5765 est
1629 5713 1823 5767 pravus
1846 5716 1855 5751 :
1878 5716 1940 5755 ac
1964 5702 2137 5757 vinum

561 5765 772 5835 quidem
802 5770 893 5828 Dei
916 5775 1111 5835 donum
1144 5789 1246 5848 eet,
1267 5799 1394 5839 usus
1418 5797 1591 5842 autem
1612 5765 1927 5847 immodicus
1941 5791 2135 5853 diaboli

1285 380 1344 437 8.
1382 377 1659 437 JOANNIS
1694 374 2168 433 Clllh’SOSIOMi
2207 374 2527 434 ARCHIEP.
2568 375 3099 435 CONSTANTINOP.

2225 496 2239 504 ’
2272 500 2356 548 est
2389 493 2683 550 inventum.
2715 494 2910 550 Servite
2942 494 3093 564 igitur
3125 490 3344 547 Domino
3368 490 3418 543 in
3450 491 3630 544 timore
3654 530 3667 553 ,
3702 497 3752 541 rt
3773 504 3856 541 cr-

3747 372 3851 428 εει

2269 584 2450 638 su'tate
2472 585 2518 637 ei
2536 585 2589 639 in
2620 597 2832 639 tremore
2860 582 3037 653 (Psal.
3067 581 3120 637 2.
3156 583 3265 653 ιι).

2342 748 2384 802 Α
2431 739 2631 809 pepinis
2674 740 2929 793 auditores
2971 738 3166 793 avertit.
3210 766 3281 777 —-
3320 735 3414 791 Vis
3456 733 3662 809 deliciis
3705 730 3856 785 frui?

2267 825 2413 881 domi
2447 825 2648 895 fruere,
2673 828 2794 891 ubi,
2828 828 2953 884 licet
2996 827 3049 881 in
3093 825 3403 881 ebrietatem
3436 823 3672 886 incidas,
3703 820 3857 874 multi

2266 924 2411 983 sunt,
2439 918 2528 988 qui
2578 926 2629 974 te
2675 908 2896 989 possunt
2936 917 3191 987 obtegere
3221 933 3235 969 :
3265 930 3373 970 non
3421 915 3475 970 in
3530 914 3727 984 popina
3748 952 3766 978 ,
3794 928 3863 966 ne

2266 1009 2625 1077 spectaculum
2658 1009 2752 1064 fras
2778 1010 3149 1080 praesentibus,
3181 1018 3236 1065 et
3262 1006 3572 1063 scandalum
3617 1006 3853 1061 caeteris.

2264 1100 2439 1169 Atque
2460 1099 2575 1154 haec
2601 1114 2700 1170 ego
2720 1099 2860 1166 dico,
2884 1115 2988 1154 non
3017 1099 3159 1170 quod
3197 1095 3543 1155 ebrium‘lieri
3582 1096 3731 1152 domi
3769 1095 3856 1163 ju~

2263 1187 2439 1252 beam.
2462 1190 2556 1245 sed
2597 1190 2737 1261 quod
2768 1192 2820 1247 in
2871 1193 3082 1262 popinis
3130 1191 3331 1247 versari
3365 1189 3703 1261 prohibeam.
3730 1190 3841 1245 Per

2263 1280 2440 1349 pende
2465 1296 2621 1351 quam
2647 1281 2926 1337 ridiculum
2960 1282 3050 1350 sit,
3076 1292 3193 1352 post
3215 1280 3481 1351 ejusmodi
3500 1291 3857 1343 conventum,

2263 1381 2385 1440 post
2411 1372 2653 1443 vigilias,
2685 1382 2805 1443 post
2845 1386 3118 1427 sacrarum
3164 1370 3490 1427 auditionem
3539 1369 3856 1441 Scripturar

2262 1475 2405 1528 rum,
2439 1471 2559 1532 post
2601 1463 2899 1517 divinorum
2944 1460 3403 1532 participationem
3430 1461 3814 1532 mysteriorum
3837 1499 3857 1527 ,

2264 1560 2317 1604 et
2340 1559 2461 1621 post
2486 1551 2814 1622 spiritualem
2843 1551 3176 1622 largitionem
3203 1592 3218 1618 ,
3245 1551 3416 1604 virum
3447 1558 3539 1604 aut
3565 1549 3853 1604 mulierem

2263 1649 2404 1697 tetes
2442 1642 2556 1697 dies
2581 1643 2633 1698 in
2676 1642 2884 1714 papinis
2920 1642 3272 1712 transigentes
3301 1640 3488 1695 videri.
3522 1642 3604 1694 An
3632 1638 3860 1696 nescitis

2262 1741 2515 1802 quantum
2572 1732 2735 1789 ebriis
2785 1733 3099 1804 supplicium
3150 1731 3469 1787 immineat?
3506 1731 3772 1802 siquidem
3824 1748 3861 1786 θ

2261 1836 2425 1891 regno
2452 1822 2545 1878 Dei
2572 1822 2949 1893 expelluntur,
2998 1830 3052 1877 et
3099 1820 3457 1877 ineffabilibus
3503 1820 3663 1876 bonis
3713 1821 3861 1876 exci-

2261 1912 2395 1967 dunt
2418 1954 2432 1977 ,
2461 1920 2619 1998 atque
2644 1914 2695 1968 in
2726 1914 2902 1984 ignem
2930 1920 3190 1968 aeternum
3215 1912 3549 1982 ablegantur.
3578 1910 3711 1979 Quis
3738 1911 3861 1965 hac

2260 2004 2431 2061 dicit?
2473 2006 2667 2062 Beatus
2713 2006 2953 2062 Paulus:
2983 2003 3161 2076 Neque
3208 2005 3390 2072 avari,
3433 2004 3637 2075 inquit,
3694 2017 3863 2073 neque

2261 2098 2461 2166 ebriosi,
2485 2114 2643 2169 neque
2671 2098 2927 2165 maledici,
2954 2113 3111 2167 neque
3138 2112 3347 2168 rapaces
3374 2111 3584 2167 regnum
3609 2094 3707 2148 Dei
3730 2109 3857 2163 pos-

2259 2188 2488 2243 sidebunt
2528 2190 2607 2259 (i.
2636 2187 2755 2244 Cor.
2796 2188 2851 2244 6.
2897 2186 3021 2260 10).
3053 2186 3192 2256 Quid
3235 2187 3386 2243 ebrio
3432 2185 3682 2241 miserius
3737 2183 3859 2239 ﬁeri

2261 2286 2469 2347 potest,
2499 2278 2590 2349 qui
2618 2276 2689 2333 ob
2716 2278 2963 2348 exiguam
2984 2278 3311 2347 voluptatem
3342 2284 3514 2332 tantas
3543 2275 3691 2344 regni
3718 2274 3859 2331 deii-

2259 2366 2370 2422 cias
2390 2367 2620 2423 amittit?
2666 2367 2778 2423 lmo
2809 2382 2941 2424 vero
2970 2383 3037 2422 ne
3065 2367 3338 2437 voluptate
3369 2366 3583 2437 quidem
3613 2366 3718 2420 ulla
3748 2364 3857 2423 frui

2260 2465 2436 2525 potest
2458 2457 2642 2514 ebrius
2672 2475 2687 2524 ;
2719 2458 2983 2529 siquidem
3025 2459 3078 2513 in
3132 2465 3429 2528 temperato
3471 2471 3571 2512 usu
3604 2457 3858 2526 voluptas

2260 2549 2541 2616 consistit,
2575 2551 2629 2605 in
2680 2551 2965 2606 immodico
3009 2560 3186 2606 autem
3210 2592 3225 2617 ,
3266 2560 3453 2621 stupor
3489 2560 3544 2605 et
3594 2564 3856 2604 sensuum

2259 2645 2510 2715 privatio.
2542 2647 2712 2701 Porro
2738 2647 2826 2715 qui
2853 2646 3053 2701 sentire
3094 2644 3276 2715 nequit
3301 2643 3389 2699 ubi
3431 2643 3616 2698 sedeat
3646 2652 3740 2697 aut
3769 2643 3855 2712 ja-

2259 2744 2400 2801 ceat,
2422 2735 2510 2806 qui
2539 2735 2733 2805 poterit
2761 2735 3047 2806 voluptatis
3087 2735 3141 2790 in
3189 2744 3315 2805 potu
3351 2748 3566 2789 sensum
3612 2733 3856 2801 capere?

2258 2826 2349 2897 qui
2396 2842 2465 2881 ne
2493 2829 2662 2883 solem
2707 2826 2925 2897 quidem
2968 2827 3140 2896 ipsum
3185 2825 3255 2880 ob
3302 2825 3523 2880 densam
3575 2823 3859 2879 ebrietatis

2258 2917 2509 2972 nebulam
2550 2918 2719 2987 possit
2764 2918 2957 2972 intueri
2984 2957 3000 2982 ,
3048 2914 3319 2987 quomodo
3368 2916 3551 2970 laetitia
3602 2914 3860 2970 fruatur?

2258 3006 2444 3064 Tanta:
2467 3008 2716 3062 nimirum
2746 3008 2919 3078 ipsum
2950 3015 3214 3076 occupant
3242 3005 3495 3069 tenebrae,
3516 3013 3574 3059 ut
3604 3003 3672 3059 ad
3702 3005 3863 3059 illam

2258 3098 2645 3154 discutiendam
2671 3099 2948 3169 caliginem
2975 3098 3076 3169 ipsi
3100 3091 3230 3165 radii
3251 3112 3357 3152 non
3383 3097 3670 3154 sufficiant.
3695 3096 3859 3153 Sem-

2258 3202 2355 3258 per
2382 3188 2619 3259 quidem,
2656 3188 3008 3252 dilectissimi,
3040 3188 3237 3243 malum
3262 3196 3348 3244 est
3372 3189 3623 3255 ebrietas,
3656 3192 3861 3260 praei?

2258 3292 2362 3348 pue
2392 3296 2519 3335 vero
2545 3280 2680 3336 festo
2706 3289 2999 3352 martyrum
3027 3279 3132 3335 die.
3162 3279 3297 3335 Nam
3340 3289 3534 3350 praeter
3568 3290 3856 3352 peccatum

2254 3368 2578 3423 contumelia
2629 3377 2713 3424 est
2767 3369 3019 3433 maxima,
3049 3377 3104 3424 et
3159 3367 3417 3435 stultitia,
3465 3383 3862 3441 sacrorumque

2256 3458 2590 3531 eloquiorum
2626 3468 2964 3530 contemptus
2997 3478 3008 3513 :
3042 3475 3202 3529 quam
3236 3460 3305 3516 ob
3342 3458 3555 3515 causam
3591 3471 3647 3517 et
3670 3463 3859 3532 dupli-

2256 3566 2373 3607 cem
2402 3568 2613 3622 poenam
2650 3562 2904 3607 meretur.
2931 3551 2988 3605 Si
3013 3565 3141 3622 ergo
3178 3560 3458 3622 postquam
3485 3552 3554 3607 ad
3583 3564 3863 3625 martyres

2256 3643 2529 3697 ac’cessisti
2549 3684 2564 3708 ,
2589 3652 2864 3713 postquam
2896 3642 3018 3697 hinc
3049 3640 3364 3697 discesseris
3388 3685 3403 3710 ,
3424 3642 3673 3698 ebrietati
3695 3660 3859 3700 vaca-

2257 3742 2408 3791 turus
2434 3750 2513 3803 es,
2540 3736 2731 3790 melius
2758 3744 2840 3790 est
2864 3775 2880 3801 ,
2912 3744 2968 3790 ut
3008 3735 3153 3789 domi
3184 3748 3402 3789 maneas
3423 3774 3440 3799 ,
3468 3750 3568 3791 nec
3595 3736 3858 3791 indecore

2257 3832 2311 3879 te
2339 3840 2491 3895 geras
2509 3865 2525 3891 ,
2551 3841 2724 3895 neque
2754 3837 3044 3897 martyrum
3076 3825 3469 3880 solemnitatem
3495 3825 3695 3895 probro
3725 3827 3851 3880 am-

2256 3916 2365 3970 cias
2387 3956 2402 3981 ,
2433 3930 2609 3984 neque
2638 3916 2881 3985 proximo
2905 3917 2981 3971 sis
3011 3914 3330 3969 ol‘l‘endieulo
3349 3957 3364 3982 ,
3391 3931 3566 3986 neque
3608 3926 3853 3971 mentem

2257 4006 2525 4073 obsideas,
2557 4021 2727 4076 neque
2772 4016 2987 4075 peccata
3040 4007 3133 4061 tibi
3174 4007 3498 4061 accumules.
3531 4006 3741 4062 Venisti
3790 4021 3853 4063 ut

2256 4094 2500 4151 homines
2522 4096 2800 4151 tormentis
2818 4098 3077 4151 laceratos
3095 4086 3324 4162 videres,
3342 4112 3535 4152 cruore
3556 4098 3851 4161 stillantes,

2256 4189 2535 4242 vulnerum
2568 4189 2839 4255 examine
2889 4188 3206 4254 decoratos,
3263 4189 3354 4259 qui
3416 4190 3669 4259 praesenti
3739 4190 3852 4244 vita

2257 4277 2420 4339 exuti,
2449 4278 2512 4331 ad
2541 4277 2772 4333 futuram
2795 4280 3075 4333 evolarunt
3103 4297 3117 4331 :
3147 4280 3212 4335 da
3260 4295 3482 4348 operam
3528 4290 3585 4334 ut
3632 4280 3854 4336 athletis

2258 4368 2373 4422 istis
2397 4368 2585 4438 dignus
2611 4370 2825 4424 evadas.
2860 4372 3307 4435 Contempserunt
3328 4371 3404 4424 illi
3439 4371 3599 4425 vitam
3626 4412 3641 4434 ,
3669 4382 3723 4423 tu
3748 4373 3851 4426 de-

2238 4456 2405 4512 .licias
2449 4466 2732 4513 contemne
2765 4477 2779 4510 :
2808 4460 3115 4529 abjeceruut
3170 4462 3241 4515 illi
3292 4462 3453 4515 vitam
3497 4472 3847 4530 prarsentem,

2256 4554 2310 4600 tu
2334 4547 2607 4603 ebrietatis
2632 4564 2868 4603 amorem
2894 4535 3083 4618 abjice.

2327 4701 2457 4755 Ossa
2501 4712 2544 4756 et
2586 4703 2821 4773 sepulcra
2865 4703 3148 4772 Martyrum
3178 4702 3603 4760 benedictionibus
3628 4714 3847 4761 scatent.

2252 4821 2325 4833 -—
2342 4793 2442 4847 Sed
2466 4794 2671 4847 deliciis
2697 4794 2799 4848 frui
2829 4796 3018 4864 cupis?
3048 4796 3223 4849 asside
3263 4797 3512 4866 sepulcro
3554 4800 3805 4869 martyris
3826 4841 3847 4864 ,

2256 4886 2606 4956 lacryumrum
2658 4887 2768 4942 illic
2810 4886 2984 4942 fontes
3036 4886 3270 4954 ell‘unde,
3318 4890 3559 4943 animam
3599 4895 3845 4957 contere,

2256 4974 2680 5032 benedictionem
2698 4993 2724 5030 a
2739 4980 2984 5047 sepulcro
3000 4980 3115 5051 ejus
3132 4982 3289 5047 reler;
3309 4981 3532 5050 ejusque
3549 4983 3850 5050 patrocinio

2256 5067 2417 5121 fretus
2451 5052 2501 5119 in
2535 5071 2802 5134 precibus,
2838 5070 3233 5125 narrationibus
3276 5066 3629 5125 certaminum
3677 5073 3851 5141 ipsius

2255 5157 2494 5225 legendis
2524 5167 2574 5211 te
2609 5157 2918 5228 frequenter
2956 5175 3147 5215 exerce
3167 5203 3180 5225 ,
3206 5162 3437 5216 loculum
3479 5164 3805 5233 amplectere

2255 5249 2490 5316 eapsulae
2521 5250 2867 5319 reliquiarum
2894 5251 3085 5306 alﬁxus
3126 5261 3282 5309 esto:
3314 5266 3421 5308 non
3469 5268 3593 5309 ossa
3637 5264 3845 5327 marty-

2254 5356 2370 5394 rum
2420 5350 2642 5407 tantum,
2671 5340 2763 5395 sed
2794 5350 2847 5396 et
2876 5342 3107 5413 ipsorum
3139 5346 3382 5415 sepulcra
3408 5356 3461 5399 et
3484 5345 3718 5415 capsula:
3747 5347 3847 5400 be—

2252 5432 2646 5487 nedictionibus
2667 5434 2851 5486 multis
2876 5443 3099 5489 scatent.
3129 5435 3382 5490 Sanctum
3436 5438 3613 5491 oleum
3667 5454 3841 5500 sume,

2255 5532 2529 5593 totumque
2552 5533 2697 5578 tuum
2728 5539 2923 5595 corpus
2943 5525 3137 5596 inunge
3158 5567 3173 5593 ,
3203 5526 3436 5597 linguam
3458 5568 3472 5592 ,
3508 5528 3653 5583 labra
3677 5570 3693 5593 ,
3726 5544 3842 5584 cer-

2252 5615 2444 5681 vicem,
2477 5617 2677 5682 oculos,
2710 5632 2809 5671 nec
2838 5633 3086 5687 umquam
3119 5619 3171 5672 in
3203 5619 3477 5673 ebrietatis
3507 5620 3841 5691 naufragium

2256 5708 2478 5764 incides.
2510 5709 2781 5775 Siquidem
2814 5711 2986 5764 oleum
3026 5711 3205 5766 odoris
3240 5713 3500 5779 suavitate
3546 5726 3838 5775 martvrum

2260 5802 2349 5858 tibi
2401 5805 2691 5859 certamina
2740 5804 2793 5858 in
2844 5806 3157 5859 menmium
3219 5816 3476 5876 revocat,
3531 5820 3583 5863 et
3632 5824 3844 5871 emittat
