4084 6430
309 358 416 414 665

303 472 580 531 lasciviam
603 471 856 540 refrenat,
889 474 1125 544 atquein
1169 472 1333 526 multa
1357 471 1560 527 detinet
1599 470 1850 542 patientia
1878 512 1892 533 ,

303 566 577 636 animique
603 566 819 620 morbos
849 565 1620 637 cxpugnathrumerrimvero
1648 564 1698 617 in
1725 561 1896 616 hortis

301 657 510 712 versari
538 657 711 727 cupis,
739 657 790 711 in
822 659 990 728 pratis
1013 697 1029 723 ,
1062 667 1116 714 et
1152 657 1460 712 viridariis?
1487 655 1565 710 Ne
1603 656 1714 725 jam
1745 654 1794 707 id
1817 653 1892 707 fa-

302 745 442 810 cias,
470 759 591 800 cum
625 756 804 800 tantus
828 747 1004 801 adstat
1031 748 1279 818 populus,
1310 747 1404 801 sed
1436 746 1541 800 alio
1569 747 1654 800 die
1686 763 1698 798 :
1733 745 1895 800 hodie

299 831 537 907 namque
557 838 822 894 luctarum
851 849 1062 910 tempus
1090 849 1192 908 est,
1222 840 1379 894 hodie
1407 840 1768 910 Spectaculum
1799 846 1896 895 .est

295 929 678 995 certaminum,
708 945 816 986 non
841 931 1155 987 deliciarum
1186 940 1277 986 aut
1303 931 1656 1001 voluptatum.
1689 930 1891 986 Venisti

296 1016 426 1082 huc,
461 1033 566 1072 non
599 1029 654 1075 ut
687 1021 915 1091 teipsum
955 1022 1187 1094 pigritia:
1231 1021 1395 1078 dedas
1417 1063 1431 1088 ,
1468 1021 1562 1078 sed
1593 1031 1651 1082 ut
1681 1031 1893 1078 certare

295 1105 508 1171 discas,
541 1112 815 1179 pancratio
844 1111 1061 1168 vincere
1081 1153 1098 1178 ,
1127 1122 1181 1168 et
1208 1112 1370 1168 homo
1398 1129 1518 1168 cum
1547 1113 1658 1180 sis,
1684 1114 1892 1168 daemo-

293 1213 426 1251 num
475 1198 816 1256 invisibilium
848 1203 990 1258 vires
1020 1202 1332 1274 infringere.
1361 1203 1532 1260 Nemo
1557 1205 1756 1275 quippe
1793 1220 1891 1262 ve—

294 1289 374 1341 nit
395 1289 462 1342 ad
494 1290 792 1359 palaestram
817 1333 832 1356 ,
865 1301 924 1348 ut
946 1293 1151 1349 deliciis
1180 1303 1367 1361 vacet,
1394 1310 1570 1366 neque
1598 1311 1721 1352 cum
1752 1307 1890 1352 tem-

293 1393 428 1447 pore
458 1381 724 1438 luetarum
745 1385 1018 1456 ingressus
1049 1387 1212 1442 fuerit
1240 1429 1256 1455 ,
1282 1388 1508 1444 formam
1533 1405 1684 1445 suam
1722 1405 1889 1445 exeo-

293 1470 374 1535 lit,
419 1483 512 1526 aut
547 1488 668 1529 cum
709 1477 854 1531 acies
902 1477 1198 1533 ordinanda
1220 1490 1342 1547 est,
1373 1495 1589 1536 mensas
1635 1482 1888 1552 exquirit.

297 1561 376 1616 Ne
403 1564 564 1633 igitur
594 1575 649 1620 tu
676 1583 889 1639 quoque
934 1585 1057 1625 cum
1106 1571 1173 1626 ad
1204 1574 1396 1628 anima:
1420 1573 1784 1630 fortitudinem
1825 1591 1890 1632 ac

293 1655 490 1707 mentis
521 1655 758 1724 vigorem
787 1659 1135 1727 spectandum
1176 1661 1458 1736 adveneris
1479 1706 1495 1729 ,
1528 1665 1593 1719 ad
1626 1674 1884 1735 tropaeum

292 1757 490 1797 novum
517 1754 571 1798 ct
595 1747 930 1815 admirabile,
957 1765 1187 1820 pugnam
1213 1753 1541 1822 inusitatam,
1572 1756 1637 1812 ad
1664 1758 1888 1814 vulnera

294 1841 349 1885 et
404 1834 585 1901 prmlia
611 1874 628 1901 ,
678 1845 732 1890 et
774 1841 1109 1906 pancratium
1149 1841 1420 1911 hominis,
1469 1859 1538 1900 ne
1582 1847 1887 1904 daemonum

293 1923 536 1978 actiones
583 1925 908 1995 introducas,
938 1940 992 1985 et
1036 1941 1164 2001 post
1197 1935 1390 1989 mirum
1437 1945 1493 1990 et
1548 1939 1888 1998 tremendum

293 2012 397 2068 hoc
414 2018 775 2084 spectaculum
805 2021 1048 2076 ebrietati
1075 2038 1138 2078 ac
1162 2024 1366 2080 deliciis
1394 2029 1617 2098 teipsum
1645 2029 1884 2100 addicas,

291 2104 386 2158 sed
411 2106 651 2163 collectis
677 2110 872 2165 animae
900 2113 1064 2168 lueris
1093 2115 1311 2172 domum
1349 2118 1542 2173 deinde
1571 2132 1841 2178 revertere
1864 2164 1880 2190 ,

289 2202 446 2260 atque
474 2196 589 2264 ipso
615 2198 690 2253 tui
719 2212 1014 2272 conspectu
1042 2214 1237 2263 testare
1258 2209 1505 2265 omnibus
1525 2225 1556 2264 a
1586 2222 1882 2283 martyrum

288 2290 344 2338 te
364 2288 675 2354 Spectacula
715 2290 911 2348 redire.
938 2293 1068 2350 Nam
1090 2298 1539 2366 quemadmodum
1561 2302 1702 2372 quia
1734 2303 1885 2360 thea-
1935 2311 1940 2318 ’

1489 361 1555 418 IN
1596 363 1652 416 S.
1695 354 2035 414 JULIANUM
2075 356 2484 416 MARTYREM.

3499 361 3604 416 666

2007 470 2102 524 tris
2143 469 2494 533 descendunt,
2546 470 2699 526 facile
2745 471 2994 527 Omnibus
3055 471 3428 538 innotescunt,
3484 485 3606 541 per.

2005 561 2219 626 turbati,
2238 562 2470 628 confusi,
2492 563 2734 627 emolliti,
2760 571 2815 617 et
2839 577 3024 617 eorum
3052 577 3170 632 quae
3195 562 3301 616 illic
3329 561 3464 616 facta
3481 573 3604 615 sunt

2001 653 2288 709 simulacra
2346 662 2616 724 gestantes
2652 653 2765 707 :ita
2813 661 2870 707 et
2913 669 3035 710 eum
3086 654 3176 722 qui
3215 668 3246 708 a
3297 653 3606 722 spectaculo

2001 753 2298 816 martyrum
2346 755 2682 811 revertatur,
2728 743 2885 800 facile
2937 746 3005 800 ab
3076 747 3324 800 omnibus
3392 755 3607 815 Oportet

2001 836 2217 905 agnosci
2261 851 2328 891 ex
2356 847 2594 906 aspectu,
2626 853 2692 892 ex
2725 838 2940 904 habitu,
2981 853 3048 892 ex
3097 838 3329 905 incessu,
3361 853 3428 894 ex
3455 852 3607 892 com-

2002 928 2309 997 punctione,
2339 944 2403 983 ex
2435 930 2627 985 mentis
2655 931 2898 986 collecta:
2926 912 3258 998 attentione,
3289 932 3466 1002 ignem
3490 933 3606 1003 spi-

2004 1026 2211 1072 rantem
2237 1061 2252 1086 ,
2283 1019 2608 1095 modestum,
2637 1022 2946 1086 contritum,
2976 1023 3240 1088 sobrium,
3271 1024 3600 1095 vigilantem,

2000 1118 2056 1163 et
2078 1108 2389 1166 interiorem
2423 1113 2828 1181 temperantiam
2857 1129 2921 1168 ac
2944 1113 3332 1184 philosophiam
3359 1117 3604 1194 corporis

2001 1201 2239 1256 moribus
2262 1202 2647 1272 propalantem.
2665 1195 2755 1258 Sié
2772 1204 2930 1274 igitur
2948 1206 3014 1258 ad
3036 1206 3220 1262 urbem
3245 1216 3601 1272 revertamur,
3619 1211 3622 1214 ’

1999 1305 2120 1346 cum
2150 1307 2214 1348 ea
2244 1309 2344 1362 qua
2370 1309 2465 1363 par
2481 1303 2564 1349 est
2590 1295 2873 1360 modestia,
2893 1311 3014 1351 cum
3039 1297 3250 1352 incessu
3278 1297 3599 1366 composito,

1999 1397 2120 1437 cum
2176 1384 2455 1453 prudentia
2501 1395 2555 1441 et
2598 1387 2961 1454 continentia,
3017 1403 3137 1442 cum
3191 1388 3400 1457 placido
3452 1398 3602 1443 trau-

1998 1472 2269 1542 quilloque
2284 1483 2524 1543 aspectu.
2552 1475 2777 1530 Amictus
2803 1479 2934 1529 enim
2967 1478 3060 1530 viri
3081 1519 3095 1542 ,
3119 1487 3164 1534 el
3189 1479 3320 1530 risus
3349 1478 3599 1544 dentium,

2000 1571 2048 1617 et
2077 1565 2333 1633 ingressus
2359 1565 2577 1620 hominis
2604 1569 2883 1622 enuntiabit
2929 1567 2993 1621 de
3033 1568 3124 1621 illo
3157 1567 3343 1640 (Eccli.
3369 1569 3455 1624 l9.
3477 1568 3599 1638 27).

1996 1656 2070 1713 Ita
2113 1673 2380 1728 sempera
2425 1662 2750 1732 martyribus
2795 1671 3165 1730 revertamur,
3198 1663 3267 1717 ab
3315 1663 3602 1734 unguentis

1996 1750 2383 1819 spiritu-diibus,
2411 1765 2441 1804 a
2470 1753 2773 1808 cmlestibus
2818 1754 3022 1822 pratis,
3064 1767 3095 1808 a
3141 1754 3296 1808 novis
3343 1755 3601 1824 mirisque

1995 1842 2336 1911 spectaculis,
2361 1853 2417 1898 ut
2442 1851 2496 1900 et
2519 1845 2620 1915 ipsi
2649 1845 2869 1900 multam
2898 1844 3206 1901 facilitatem
3233 1847 3596 1916 experiamur,

1995 1946 2049 1992 et
2094 1938 2303 1992 caeteris
2357 1937 2657 1994 libertatem
2707 1939 3078 2013 conciliemus,
3125 1953 3188 1994 ac
3234 1939 3410 1993 futura
3460 1940 3598 1994 bona

1995 2044 2416 2099 consequamur,
2471 2031 2642 2101 gratia
2694 2041 2749 2086 et
2787 2032 3116 2101 benignitate
3163 2030 3374 2085 Domini
3427 2033 3599 2086 nostri

1993 2123 2120 2178 Jesu
2147 2121 2366 2188 Christi,
2396 2137 2516 2178 cum
2538 2139 2645 2193 quo
2674 2124 2820 2178 Patri
2859 2124 3123 2193 simulque
3160 2122 3383 2193 Spiritui
3401 2122 3597 2177 Sancto

1994 2215 2180 2284 gloria,
2208 2215 2514 2285 imperium,
2536 2214 2730 2283 honor,
2755 2229 2895 2270 nunc
2919 2224 2974 2270 ct
2998 2228 3232 2284 semper,
3250 2223 3306 2269 et
3328 2215 3380 2268 in
3402 2213 3598 2268 sarcula

1992 2299 2338 2362 smculorum.
2367 2293 2560 2362 Amen.
2602 2343 2607 2350 .

971 2981 1072 3044 AD
1105 2981 1484 3045 HOMILIAM
1511 2983 1592 3044 IN
1623 2984 1979 3044 SANCTUM
2017 2983 2403 3049 JULIANUM
2432 2989 2886 3052 MARTYREM.

294 3313 649 3372 confessione
686 3311 891 3370 Christi
936 3329 995 3370 se
1027 3315 1095 3369 ad
1130 3324 1439 3370 extremum
1471 3329 1646 3386 usque
1680 3315 1934 3385 spiritum
1959 3325 2451 3385 perseveraturum
2493 3320 2724 3387 diceret,
2762 3324 2817 3378 in
2858 3339 3080 3381 saccum
3120 3343 3286 3384 arena
3323 3340 3377 3386 et
3403 3331 3570 3387 vene-

295 3430 442 3486 natis
464 3431 750 3500 reptilibus
766 3430 1026 3486 refertum
1048 3431 1313 3496 inclusus,
1334 3438 1386 3487 in
1403 3449 1553 3488 mare
1575 3435 1848 3505 projectus
1863 3441 1966 3500 est,
1978 3445 2032 3488 et
2052 3436 2299 3505 martyrii
2323 3451 2580 3492 coronam
2604 3441 2852 3511 adeptus.
2872 3442 3155 3498 Postremo
3169 3445 3386 3501 additur
3405 3466 3418 3501 :
3439 3447 3574 3500 Τοῦ-

293 3558 387 3597 τον
418 3547 448 3598 ὁ
473 3545 645 3615 μέγας
678 3547 1060 3617 Χρυσόστομος
1097 3548 1395 3616 ὲγκωυὲοις
1422 3549 1704 3620 ἐτίμησξν.
1733 3547 1890 3602 Hunc

1996 3566 2144 3620 tgnus
2179 3547 2589 3622 Chrysostomus
2615 3555 2862 3611 laudibus
2896 3560 3191 3614 exornavit.
3225 3529 3282 3615 in
3310 3563 3574 3636 Catalogo

293 3665 617 3736 Augustano
651 3675 915 3723 tractatus
947 3667 1033 3722 hic
1062 3676 1144 3723 est
1170 3670 1362 3725 ordine
1397 3667 1838 3740 septuagesimus
1870 3679 1890 3724 t

2000 3685 2086 3736 us,
2117 3672 2200 3735 εις
2235 3672 2328 3726 τὸν
2358 3673 2612 3745 μάρτυρα
2649 3673 2959 3732 Ἰουλιανόν.
2995 3677 3058 3729 Εἰ
3081 3678 3138 3730 ὲν
3161 3681 3229 3750 τῇ
3262 3682 3353 3750 γῇ.
3389 3679 3571 3736 Codex

294 3785 570 3843 Mediocris
601 3789 880 3858 praefixum
922 3790 1119 3845 habuit
1145 3792 1286 3847 diem
1320 3791 1371 3863 μ’
1424 3793 1629 3864 Ἰουνίῳ
1654 3800 1765 3849 κα’.
1789 3794 1850 3848 In
1880 3792 2178 3864 llorologio
2207 3811 2426 3867 quoque
2454 3796 2767 3853 Graecorum
2795 3801 2935 3869 apud
2978 3799 3211 3856 Usuardi
3241 3801 3570 3874 Martyrolo-

296 3901 444 3972 gium
479 3919 510 3958 a
554 3903 772 3961 Molano
803 3906 1031 3974 editum,
1060 3909 1123 3962 2i
1181 3909 1352 3977 Junii,
1391 3909 1734 3967 Sacrosancti
1773 3913 2034 3984 Martyris
2074 3914 2285 3969 Juliani
2333 3919 2506 3971 Tarsi.
2549 3917 2809 3974 Diversus
2839 3929 2925 3974 est
2957 3920 3050 3976 hic
3085 3921 3154 3976 ab
3193 3921 3288 3976 illo
3326 3919 3570 3988 Iuliano,

293 4020 457 4088 cujus
489 4023 549 4077 fit
601 4024 808 4078 mentio
859 4024 914 4077 in
947 4023 1251 4097 Menologio
1284 4028 1504 4100 vulgato
1533 4030 1787 4101 Antiquae
1813 4031 2088 4088 Lectionis
2115 4032 2178 4086 T.
2218 4033 2356 4088 Vlll.
2387 4033 2576 4106 Neque
2602 4036 2747 4091 enim
2789 4037 2844 4092 in
2875 4035 3131 4109 Egypto,
3183 4039 3277 4094 sed
3304 4039 3357 4092 in
3378 4038 3570 4093 Cilicia

291 4143 495 4198 passus
526 4140 610 4186 est
639 4151 653 4186 :
689 4133 762 4188 ita
792 4143 854 4189 ut
881 4136 1022 4205 quod
1053 4137 1144 4192 ille
1173 4152 1201 4191 a
1233 4137 1625 4211 Chrysostomo
1654 4143 1911 4200 laudatus
1934 4145 2155 4210 dicitur,
2191 4147 2260 4202 ab
2291 4148 2394 4205 hoc
2420 4159 2610 4206 nostro
2639 4151 2708 4206 ad
2735 4151 2889 4206 illum
2918 4165 3200 4223 perperam
3238 4151 3565 4208 translatum

293 4241 467 4304 fuisse
508 4251 771 4309 videatur.
830 4257 890 4310 ln
932 4257 1130 4314 Codice
1196 4259 1364 4330 Regio
1417 4261 1637 4318 llenriei
1691 4265 1758 4330 ll,
1807 4261 1876 4320 et'
1917 4263 2183 4320 Bavarico
2223 4266 2305 4321 sic
2361 4267 2763 4324 inscribebatur
2816 4268 2906 4323 hic
2969 4277 3235 4325 tractatus
3277 4285 3289 4321 :
3325 4267 3420 4329 Εἰς
3472 4264 3568 4320 τὸν

290 4358 450 4426 ἅγιον
498 4363 958 4438 μεγαλομάρτυρα
1008 4369 1316 4429 Ἰουλιανόν.
1371 4392 1389 4424 ι
1421 4371 1582 4430 Plura
1626 4377 1749 4432 vide
1786 4377 1840 4431 in
1884 4415 1890 4430 ι

1996 4375 2037 4432 is
2071 4376 2401 4435 Sanctorum
2446 4380 2692 4436 Bollandi
2721 4381 2788 4437 ad
2817 4381 3086 4438 decimam
3126 4389 3338 4439 sextam
3385 4379 3566 4437 Martii

291 4472 461 4526 diem.

367 4621 746 4694 Interpretatio
776 4627 966 4684 Latina
998 4640 1081 4687 cst
1111 4630 1407 4691 Frontonis
1439 4635 1640 4692 Ducaai.

389 4908 2312 4940 Μ

770 5221 1326 5302 LAUDATIO
1370 5232 1754 5308 SANCTI
1819 5197 2413 5322 MARTYRIS
2473 5250 2902 5325 JULIANI
2973 5236 3081 5324 (α).

1787 5399 2100 5465 W

344 5533 390 5587 l.
430 5531 484 5587 Sl
504 5533 635 5588 tales
657 5535 708 5589 in
737 5538 891 5592 terris
923 5541 1152 5596 honores
1179 5547 1499 5615 martyribus
1525 5548 1858 5612 deferuntur,

275 5631 543 5691 νλ-ιιμιειιυ
587 5630 913 5698 excesserint
965 5648 1030 5686 ex
1080 5634 1176 5687 hac
1220 5637 1352 5701 vita,
1410 5638 1592 5706 quales
1642 5658 1856 5696 θυι-(ηις

1970 5558 2166 5612 sanctis
2199 5574 2382 5614 eorum
2417 5562 2680 5631 capitibus
2711 5564 2761 5619 in
2804 5565 2949 5620 ea'lis
2980 5567 3304 5621 nectuntur?
3346 5567 3388 5622 si
3432 5575 3569 5621 tanta

1970 5659 2046 5702 est
2087 5661 2210 5705 autc
2257 5656 2700 5710 resurrectionem
2739 5658 2927 5726 gloria.
2957 5669 3186 5729 quantus
3221 5672 3342 5729 post
3387 5678 3426 5713 ri
3450 5677 3569 5714 sur-

327 5735 403 5792 (ιι)
429 5739 847 5792 νηηιυξιηιυςνιιω
877 5753 962 5792 ηςς
1004 5748 1160 5808 tu‘giiaj
1195 5747 1308 5795 13'70
1362 5750 1484 5809 10‘“,
1520 5761 1561 5800 ιρι
1609 5754 1740 5801 ξῑιὶ.

1996 5746 2262 5802 ustionem
2304 5751 2400 5804 erit
2434 5751 2717 5819 splendet-1’
2749 5754 2789 5807 si
2835 5763 2981 5810 tanto
3011 5769 3103 5811 eos
3141 5758 3384 5810 conservi
3422 5755 3566 5810 cuitu
