4084 6448
534 402 637 460 667

528 516 845 589 dignantur,
886 528 1078 589 quanta
1124 533 1218 574 eos
1262 519 1516 573 Dominus
1552 517 1920 574 benevolentia
1960 528 2108 569 com-

531 610 832 680 plectetur?
858 610 903 664 si
933 625 1031 665 nos
1058 612 1182 677 mali
1212 624 1519 673 conservos,
1551 613 1640 681 qui
1670 617 1815 666 recte
1842 624 1899 664 se
1927 622 2113 678 gesse-

528 710 683 762 runt,
717 700 797 755 sic
842 701 1131 757 honoribus
1171 700 1385 757 afﬁcere
1423 703 1666 757 novimus
1702 715 1765 756 ac
1805 701 2109 769 suspicere,

529 793 649 861 quia
687 805 783 859 pro
823 791 1037 847 Christo
1077 793 1451 860 decertarunt,
1501 803 1698 862 quanto
1741 791 1909 861 magis
1957 791 2112 847 Pater

526 888 712 935 noster
735 880 964 936 ctelestis
992 881 1268 937 innumera
1301 884 1441 938 bona
1459 882 1605 937 dabit
1626 883 1710 947 iis,
1738 883 1827 952 qui
1864 897 1961 951 pro
1996 883 2112 952 ipso

526 968 740 1024 labores
779 970 1155 1026 exantlarunt?
1201 972 1295 1025 Est
1340 973 1482 1027 enim
1534 972 1813 1027 muniﬁcus
1855 982 1910 1026 et
1954 971 2110 1026 beni-

524 1073 701 1125 gnus;
735 1074 919 1115 verum
957 1076 1062 1115 non
1100 1061 1169 1116 ob
1203 1061 1303 1115 hoc
1330 1062 1499 1130 ipsum
1539 1061 1699 1115 modo
1739 1061 1979 1129 ingentes
2015 1076 2110 1115 eos

530 1150 761 1204 honores
789 1159 1002 1206 manent
1028 1191 1043 1217 ,
1086 1152 1177 1205 sed
1214 1152 1459 1223 quoniam
1498 1150 1710 1205 debitor
1739 1161 1819 1205 cst
1849 1151 2105 1221 ipsorum.

527 1238 633 1294 Pro
663 1241 813 1296 nobis
839 1252 1099 1313 martyres
1136 1243 1346 1297 mactati
1379 1257 1483 1297 non
1513 1251 1655 1307 sunt,
1689 1251 1867 1297 tamen
1912 1244 1965 1297 in
2006 1244 2106 1297 bo-

532 1344 716 1385 norem
750 1331 958 1386 illorum
986 1333 1331 1388 convenimus
1361 1349 1375 1386 :
1416 1332 1558 1402 quod
1587 1332 1630 1387 si
1662 1346 1759 1386 nos
1784 1347 1880 1402 pro
1917 1333 2110 1402 quibus

531 1423 740 1475 mactati
769 1438 873 1477 non
903 1434 1047 1488 sunt,
1071 1425 1437 1489 convenimus,
1461 1422 1726 1487 Christus,
1759 1438 1856 1493 pro
1883 1438 1988 1492 quo
2013 1438 2109 1478 sua

526 1511 696 1579 capita
724 1512 1073 1579 devoverunt,
1099 1513 1227 1583 quid
1252 1528 1355 1567 non
1381 1512 1693 1582 prmstabit?
1728 1514 1773 1566 si
1793 1514 1983 1582 quibus
2020 1513 2106 1566 ui-

528 1602 602 1656 hil
623 1603 848 1659 debebat
874 1612 1017 1658 tanta
1046 1605 1181 1658 bona
1206 1603 1372 1669 dedit,
1402 1604 1520 1669 hos,
1542 1603 1733 1672 quibus
1771 1603 1979 1658 debitor
2000 1610 2103 1672 est,

526 1693 717 1763 quibus
749 1694 903 1749 donis
945 1710 1050 1749 non
1096 1695 1564 1749 remunerabitur?
1593 1693 1732 1750 Nihil
1760 1703 1914 1749 antea
1943 1706 2109 1751 terra.

526 1799 645 1837 rum
698 1784 812 1839 orbi
878 1784 1104 1841 debebat
1133 1805 1163 1840 εν
1198 1785 1403 1840 Omnes
1434 1788 1569 1840 enim
1619 1799 1981 1857 peccaverunt,
2035 1789 2112 1843 ait

526 1874 719 1934 Paulus
738 1916 755 1942 ,
785 1885 831 1930 et
864 1888 1006 1947 egent
1051 1878 1215 1947 gloria
1246 1878 1342 1930 Dei
1372 1877 1543 1948 (Rom.
1574 1877 1627 1932 '5.
1654 1876 1749 1949 23)
1775 1895 1790 1932 :
1828 1879 1935 1934 imo
1978 1895 2108 1934 vero

527 1981 740 2034 poenam
788 1983 851 2022 ac
888 1968 1202 2038 supplicium
1250 1968 1519 2035 debebat;
1569 1979 1933 2025 verumtamen
1984 1985 2106 2026 cum

530 2071 741 2124 pmnam
782 2058 934 2112 nobis
957 2072 1021 2113 ac
1047 2058 1366 2129 supplicium
1401 2058 1640 2125 deberet,
1668 2060 1829 2115 vitam
1854 2073 2106 2115 mteruam

530 2146 749 2216 largitus
783 2156 894 2202 'est.
941 2147 997 2202 Si
1035 2148 1227 2216 quibus
1274 2149 1431 2219 igitur
1474 2149 1793 2219 supplicium
1839 2149 2108 2215 debebat,

527 2234 612 2288 his
636 2250 855 2306 regnum
885 2236 1028 2291 dedit
1053 2254 1070 2290 :
1100 2238 1292 2306 quibus
1320 2239 1480 2295 vitam
1507 2247 1759 2293 attentam
1777 2238 1955 2306 debet,
1984 2239 2112 2308 quid

527 2342 634 2380 non
673 2328 857 2383 dabit?
882 2329 1073 2398 quibus
1112 2343 1217 2384 non
1258 2344 1351 2384 eos
1381 2329 1669 2385 honoribus
1702 2331 1990 2387 eumulabit
2012 2333 2037 2385 τ
2064 2334 2108 2388 si

531 2432 628 2486 pro
652 2418 773 2482 illis,
813 2420 901 2489 qui
933 2419 1106 2488 ipsum
1153 2420 1410 2487 oderant,
1441 2421 1726 2478 cruciﬁxus
1754 2431 1867 2488 est,
1907 2432 1963 2479 et
1986 2438 2110 2479 san-

528 2510 741 2578 guinem
772 2510 904 2564 fudit
932 2527 946 2562 :
977 2525 1077 2581 pro
1093 2509 1231 2573 illis,
1259 2514 1348 2582 qui
1379 2515 1689 2584 sanguinem
1721 2529 1817 2583 pro
1840 2514 1956 2583 ejus
1980 2529 2113 2570 con-

530 2601 757 2656 fessione
788 2602 1052 2667 fudi-runt,
1093 2602 1216 2672 quid
1263 2618 1366 2657 non
1408 2604 1688 2672 perﬁciet?
1728 2605 1775 2673 si
1800 2614 2110 2661 aversantes

529 2707 594 2746 ac
637 2691 932 2747 resilientes
971 2692 1254 2755 ita'dili:x3t
1281 2703 1336 2747 ut
1377 2709 1471 2762 pro
1498 2695 1626 2762 ipsis
1654 2705 1970 2761 moreretur,
2015 2710 2110 2750 eos

526 2784 617 2852 qui
666 2798 911 2838 mensura
956 2785 1132 2853 ipsum
1192 2786 1419 2839 maxima
1471 2786 1801 2851 dilexerunt;
1856 2786 2109 2857 Majorem

529 2877 670 2929 cnim
706 2876 800 2929 hac
848 2876 1161 2931 dilectionem
1206 2894 1352 2931 nemo
1393 2877 1539 2930 habet
1558 2918 1573 2943 ,
1619 2886 1674 2931 ut
1706 2879 1927 2932 animam
1963 2895 2107 2933 suam

531 2978 685 3034 ponat
710 2969 821 3039 quis
854 2987 946 3038 pro
974 2971 1148 3024 amicis
1174 2970 1276 3024 suis
1303 2969 1478 3039 (Joan.
1510 2970 1597 3025 l5.
1628 2968 1737 3041 l5),
1762 2980 1959 3041 quanta
1986 2986 2107 3026 sus-

525 3057 688 3126 cipiet
740 3058 1160 3114 benevolentia?
1210 3060 1403 3129 quibus
1457 3060 1649 3115 ofﬁciis
1715 3061 2107 3130 prosequetur?

530 3149 759 3203 Athletas
798 3149 1012 3217 quidem
1053 3150 1402 3205 certaminum
1445 3161 1783 3206 externorum
1823 3150 2011 3206 eodem
2054 3151 2107 3206 in

527 3253 820 3297 scammate
845 3243 1149 3309 decertant,
1176 3251 1232 3298 et
1269 3248 1523 3308 vincunt,
1546 3244 1776 3298 victores
1801 3243 2110 3299 renuntian-

530 3340 635 3396 tur,
658 3341 711 3386 et
739 3343 1062 3388 coronantur
1100 3349 1113 3387 :
1161 3341 1215 3391 at
1250 3334 1332 3389 isti
1376 3332 1586 3401 pietatis
1615 3332 1827 3387 athleta:
1867 3347 1971 3389 non
1994 3334 2105 3399 ita;

528 3421 622 3474 sed
653 3421 705 3474 in
749 3423 997 3490 prtesenti
1028 3422 1239 3493 quidem
1280 3421 1475 3475 szrculo
1507 3420 1803 3487 decertant,
1850 3421 1902 3474 in
1934 3420 2110 3476 futuro

529 3522 704 3565 autem
741 3523 1064 3566 coronantur
1092 3530 1107 3566 :
1131 3506 1431 3582 pugnarunt
1457 3510 1542 3565 hic
1565 3526 1684 3565 cum
1715 3510 1927 3566 diabolo
1952 3520 2110 3581 atque

532 3602 812 3667 vicerunt,
859 3602 966 3655 illic
1013 3611 1189 3656 autem
1235 3602 1460 3656 victores
1506 3600 1897 3656 renuntiantur.
1941 3601 2007 3656 Et
2054 3608 2112 3655 ut

530 3715 649 3754 esse
690 3714 872 3753 verum
912 3698 1049 3752 istud
1093 3698 1418 3768 intelligatis,
1468 3712 1569 3751 nec
1613 3697 1731 3751 illos
1774 3697 1861 3752 hic
1897 3696 2111 3751 coronis

532 3791 741 3855 donari,
775 3806 958 3845 verum
992 3791 1097 3844 illic
1124 3790 1270 3859 ipsos
1306 3790 1482 3845 omnia
1517 3805 1733 3845 manere
1759 3790 1922 3858 dona,
1966 3790 2108 3845 Pau-

530 3882 638 3935 lum
680 3882 941 3936 dicentem
980 3883 1178 3946 audite,
1206 3880 1407 3935 Bonum
1449 3888 1697 3937 certamen
1734 3884 1945 3949 certari,
1988 3900 2109 3937 cur-

529 3989 639 4024 sum
670 3973 1028 4035 consunnnari,
1051 3972 1199 4037 [idem
1228 3973 1415 4025 servavi
1441 3988 1460 4026 :
1496 3973 1548 4025 in
1578 3974 1767 4041 reliquo
1792 3974 2011 4041 reposita
2038 3982 2110 4025 est

535 4063 653 4115 mihi
681 4078 865 4115 corona
881 4063 1095 4130 justitia:
1114 4062 1189 4131 (Ξ.
1215 4062 1345 4115 Tim.
1376 4064 1431 4117 4.
1460 4062 1511 4115 7.
1536 4064 1593 4132 8)
1627 4081 1637 4115 :
1681 4063 1768 4115 ubi
1794 4072 1845 4117 et
1865 4063 2111 4131 quando?

542 4155 701 4217 Quam
728 4153 900 4206 reddet
941 4153 1064 4206 mihi
1103 4153 1348 4207 Dominus
1386 4154 1442 4206 in
1482 4154 1572 4207 illa
1599 4153 1698 4218 die,
1718 4155 1889 4224 justus
1926 4156 2112 4225 judex.

533 4244 649 4298 llic
673 4246 925 4311 cucurrit,
969 4232 1076 4299 illic
1113 4254 1436 4306 coronatur;
1483 4245 1568 4299 hic
1612 4248 1769 4311 vicit,
1800 4247 1907 4301 illic
1944 4248 2113 4301 victor

436 4350 441 4355 '
535 4338 889 4390 renuntiatur.
918 4336 1153 4391 Audistis
1176 4338 1345 4407 ipsum
1370 4337 1527 4392 hodie
1556 4353 1766 4407 queque
1792 4339 2110 4392 clamantem

534 4441 596 4479 ac
636 4427 897 4483 dicentem
930 4446 944 4483 :
988 4427 1149 4481 Juxta
1178 4430 1327 4499 [idem
1366 4430 1586 4499 defuncti
1627 4439 1744 4482 sunt
1774 4446 1945 4483 omnes
1989 4430 2108 4494 isti,

542 4534 641 4569 non
681 4518 895 4586 acceptis
932 4519 1400 4588 repromissionibus
1423 4559 1438 4583 ,
1474 4519 1561 4572 sed
1600 4535 1632 4571 a
1670 4520 1815 4589 longe
1850 4535 1937 4573 eas
1975 4518 2115 4588 aspi-

536 4609 717 4659 cientes
745 4617 791 4660 et
820 4608 1095 4662 salutantes
1135 4608 1317 4680 (Hebr.
1350 4611 1436 4665 11.
1470 4610 1580 4681 15).
1613 4609 1720 4664 Cur
1752 4610 1910 4679 igitur
1936 4619 2117 4665 exter-

536 4698 619 4749 nis
654 4698 865 4765 quidem
899 4714 962 4754 ac
1007 4699 1240 4769 profanis
1278 4700 1492 4755 athletis
1534 4700 1692 4754 simul
1730 4700 2023 4776 obveniung
2059 4708 2115 4755 et

536 4788 768 4841 victoria:
796 4796 851 4848 et
873 4802 1107 4855 coronte,
1136 4790 1345 4858 pietatis
1372 4799 1550 4844 autem
1580 4791 1794 4845 athletis
1818 4806 1922 4845 non
1952 4790 2111 4845 simul

534 4889 589 4931 et
615 4878 849 4932 victoria:
890 4888 945 4932 et
970 4894 1200 4945 coronae,
1232 4880 1325 4934 sed
1367 4890 1570 4934 tantum
1594 4876 1711 4950 pbst
1742 4882 1995 4949 temporis
2026 4882 2111 4934 in-

539 4968 861 5021 tervaiium?
900 4968 1186 5034 Sudarunt,
1228 4970 1436 5026 labores
1474 4972 1558 5024 hic
1591 4972 1962 5038 exantlarunt,
1994 4987 2114 5025 sex-

532 5066 686 5110 centa
718 5060 934 5113 vulnera
974 5071 1329 5139 exceperunt,
1370 5077 1468 5116 nec
1493 5064 1668 5115 statim
1709 5064 1786 5117 eis
1824 5062 2115 5117 obveniunt

532 5149 785 5202 coronae?
827 5149 1198 5220 Nequaquam,
1232 5152 1400 5218 inquit
1430 5169 1443 5205 :
1476 5168 1581 5206 non
1620 5154 1762 5208 enim
1806 5154 1926 5207 vita:
1971 5168 2111 5222 pra:-

535 5240 704 5291 scntis
742 5248 926 5293 natura
953 5241 1366 5310 magnitudinem
1402 5241 1619 5298 honoris
1646 5244 1784 5297 illius
1812 5244 1951 5312 capit
1982 5260 1995 5296 :
2026 5259 2114 5297 ca-

534 5328 727 5381 dncum
772 5338 854 5383 est
892 5331 1141 5385 saeculum
1181 5346 1456 5401 praesens,
1503 5348 1565 5387 ac
1607 5333 1801 5400 breve;
1851 5333 2113 5389 inﬁnitum

534 5419 684 5485 illud,
714 5421 1010 5476 immortale
1058 5430 1110 5477 et
1130 5431 1406 5478 aeternum.

607 5509 941 5583 Temporanei
970 5514 1162 5570 labores
1198 5532 1408 5569 coronas
1447 5515 1668 5585 referunt
1713 5513 2118 5569 immortales.—

537 5601 825 5669 Proptcrea
867 5604 1074 5661 labores
1115 5606 1328 5676 quidem
1355 5622 1475 5661 cum
1507 5607 1655 5661 brevi
1696 5621 1758 5660 ac
1797 5606 2116 5673 temjorar’o

536 5694 732 5746 sanatio
772 5696 872 5749 isto
896 5700 1207 5765 conuexuit,
1252 5714 1477 5753 coronas
1506 5708 1682 5751 autem
1729 5708 1928 5750 mlCI‘IIO
1957 5705 2115 5765 atque

540 5786 820 5839 immortali
860 5792 1171 5859 reservavit,
1200 5800 1253 5845 ut
1293 5801 1343 5845 et
1376 5790 1616 5845 laborum
1649 5787 1887 5843 molestia
1922 5789 2110 5855 ιιιοιυςίη

1288 404 1345 462 S.
1383 400 1662 460 JOANNIS
1690 395 2161 457 CllRYSOSTOMl
2199 395 2517 453 ARClllEP.
2559 397 3093 455 CONSTANTINOP.

2219 508 2417 575 datur,
2463 527 2582 582 quae
2610 527 2731 567 cum
2778 514 3033 583 temporis
3076 512 3335 568 brevitate
3378 510 3722 583 dissols'atur,
3750 527 3811 573 et.

2220 602 2473 671 perennis
2509 617 2572 658 ac
2618 611 2900 673 perpetuus
2936 617 3254 657 coronarum
3300 618 3431 659 usus
3472 613 3803 675 permaneat,

2217 694 2308 764 qui
2344 709 2447 749 una
2477 710 2597 751 cum
2642 695 2970 750 inﬁnitorum
2998 696 3316 751 saeculorum
3348 697 3558 751 illorum
3586 696 3798 751 immor-

2220 788 2419 842 talitate
2477 787 2747 856 perduret.
2788 789 2939 854 Quod
2998 790 3159 857 igitur
3211 788 3499 858 majoribus
3555 803 3652 843 eos
3709 789 3803 842 bo-

2219 879 2439 934 norihus
2467 895 2660 935 ornare
2695 881 2877 945 vellet,
2910 896 3104 935 munus
3127 881 3331 936 distulit
3358 899 3371 936 :
3406 895 3504 937 nec
3531 881 3653 936 ideo
3685 891 3803 935 tan-

2222 979 2330 1022 tum
2354 1010 2368 1033 ,
2410 969 2507 1023 sed
2546 979 2602 1023 ut
2639 985 2767 1038 pura
2809 970 3059 1040 deinceps
3100 971 3370 1041 voluptate
3399 971 3803 1041 perfundantur.

2217 1058 2349 1113 Nam
2389 1060 2948 1129 quen‘iadmodumis,
2991 1063 3081 1133 qui
3135 1063 3284 1131 prius
3330 1062 3534 1118 deliciis
3564 1079 3627 1118 ac
3656 1064 3810 1119 volu-

2220 1151 2453 1219 ptatibus
2479 1150 2691 1217 fruitur,
2716 1168 2779 1208 ac
2819 1152 3010 1208 deinde
3037 1152 3311 1207 vexandus
3344 1161 3461 1217 est,
3509 1164 3810 1222 prasentes

2216 1242 2434 1296 delicias
2476 1243 2546 1296 ob
2575 1243 2869 1299 futurorum
2912 1244 3173 1298 malorum
3213 1244 3665 1313 exspectationem
3706 1244 3809 1299 mi-

2218 1331 2361 1387 nime
2386 1333 2548 1387 sentit
2572 1350 2584 1386 :
2622 1334 2701 1389 sic
2730 1334 2818 1389 ille
2847 1335 2936 1404 qui
2964 1333 3109 1403 prius
3137 1343 3333 1404 pugnat
3360 1349 3422 1388 ac
3446 1334 3721 1401 decertat,
3742 1328 3805 1390 et

2216 1434 2467 1478 sexcenta
2498 1424 2635 1477 mala
2680 1424 2889 1487 tolerat,
2923 1422 3115 1479 deinde
3160 1438 3287 1478 vero
3323 1436 3631 1490 coronatur,
3665 1440 3805 1495 prte-

2215 1514 2446 1569 sentium
2490 1501 2750 1571 maloium
2797 1530 3014 1571 sensum
3062 1530 3169 1569 non
3214 1516 3376 1586 capit,
3422 1515 3551 1571 dum
3594 1517 3806 1572 futuro-

2215 1620 2335 1660 rum
2359 1605 2621 1674 bonorum
2649 1620 2745 1677 spe
2781 1615 3071 1662 recreatur.
3097 1605 3281 1676 Neque
3308 1622 3436 1661 vero
3465 1606 3652 1662 labore
3683 1617 3803 1662 tan-

2215 1704 2327 1751 tum
2364 1711 2457 1752 eos
2486 1699 2732 1767 prtesenti
2771 1713 2865 1766 per
2890 1698 3027 1752 hanc
3068 1697 3366 1753 futurorum
3390 1714 3540 1771 spem
3581 1700 3801 1767 levavit,

2214 1787 2309 1843 sed
2346 1790 2504 1844 etiam
2534 1788 2676 1859 quod
2715 1788 2971 1855 ell‘ecerit,
3014 1799 3072 1844 ut
3115 1789 3301 1845 ordine
3329 1790 3479 1862 prior
3522 1791 3806 1860 voluptate

2214 1887 2357 1934 esset
2384 1877 2644 1934 afﬂictio:
2694 1894 2762 1934 ne
2798 1879 3143 1935 vehementer
3169 1894 3199 1934 a
3238 1881 3591 1950 prementibus
3617 1881 3798 1949 malis,

2215 1967 2340 2023 dum
2366 1968 2431 2023 ad
2461 1968 2551 2023 illa
2579 1968 2870 2038 respiciunt
2897 1978 3262 2041 torqueantur.
3288 1971 3376 2026 Sic
3395 1972 3471 2026 illi
3492 1972 3678 2040 etiam,
3706 1974 3803 2044 qui

2215 2058 2507 2128 pugilatum
2552 2065 2795 2125 certant,
2826 2060 3072 2115 alacriter
3109 2061 3327 2117 vulnera
3352 2062 3660 2132 excipiunt,
3689 2079 3801 2119 non

2215 2149 2450 2215 dolores,
2480 2149 2576 2205 sed
2605 2165 2857 2206 coronam
2903 2160 3207 2221 Spectantes
3231 2168 3245 2218 ;
3278 2153 3355 2208 sic
3381 2160 3439 2208 et
3467 2165 3644 2209 nautae
3671 2171 3800 2210 sex-

2216 2248 2369 2293 conta
2406 2240 2639 2310 pericula
2670 2240 2959 2296 subeuntes
2984 2282 3000 2307 ,
3044 2250 3425 2312 tempestates,
3454 2252 3507 2298 et
3543 2243 3801 2300 infestum

2215 2327 2483 2399 quoddam
2522 2330 2745 2397 bellum,
2784 2345 2849 2386 ac
2891 2332 3047 2385 smvis
3076 2346 3137 2387 se
3174 2331 3387 2399 belluis,
3426 2343 3483 2388 et
3507 2335 3804 2403 grassanti-

2213 2420 2311 2474 bus
2355 2420 2407 2473 in
2463 2414 2597 2473 mari
2647 2420 2988 2489 pradonibus
3032 2421 3382 2492 objicientes,
3429 2423 3559 2478 nibil
3604 2423 3801 2479 horum

2176 2522 2181 2525 ·
2215 2519 2393 2567 mente
2420 2518 2656 2578 versant,
2684 2511 2780 2565 sed
2822 2510 2888 2565 ad
2918 2521 3107 2583 portus
3133 2526 3196 2566 ac
3221 2511 3432 2567 divitias
3460 2528 3526 2568 ex
3554 2515 3799 2584 negotia-

2216 2604 2360 2657 tione
2405 2602 2731 2672 colligendas
2784 2604 3114 2674 respiciunt:
3159 2605 3230 2660 ita
3267 2614 3322 2660 et
3371 2615 3633 2678 martyres
3676 2624 3802 2663 sex-

2213 2704 2367 2748 centa
2398 2694 2533 2747 mala
2560 2694 2865 2772 tolerantes,
2907 2710 3133 2765 corpore
3170 2696 3329 2751 variis
3357 2699 3635 2753 tormentis
3662 2714 3800 2754 con-

2213 2785 2347 2847 ciso,
2392 2785 2523 2841 nihil
2567 2786 2789 2840 istorum
2838 2787 3176 2854 spectabant,
3222 2788 3315 2843 sed
3342 2788 3473 2843 cado
3510 2798 3565 2843 ct
3600 2788 3799 2855 bonis,

2213 2890 2332 2944 qua:
2370 2873 2494 2929 inde
2521 2886 2821 2944 sperantur,
2870 2875 3163 2931 inhiabant.
3194 2879 3368 2946 Atque
3410 2887 3467 2931 ut
3493 2879 3803 2948 intelligatis

2213 2979 2297 3031 ea,
2341 2980 2460 3035 quae
2490 2974 2672 3019 natura
2718 2979 2812 3019 sua
2848 2967 3030 3035 gravia
3068 2973 3195 3021 sunt
3230 2974 3285 3021 et
3312 2966 3665 3035 intoleranda,
3703 2984 3802 3038 spe

2213 3056 2510 3112 futurorum
2539 3057 2673 3112 levia
2699 3057 2849 3112 reddi
2877 3072 2940 3113 ac
2977 3057 3246 3123 facillima,
3278 3061 3581 3127 praelectum
3611 3059 3799 3115 talium

2212 3150 2474 3205 bonorum
2505 3149 2768 3205 dicentem
2798 3150 2977 3204 audite
3004 3165 3019 3201 :
3050 3148 3115 3202 Id
3156 3150 3287 3203 enim
3313 3151 3448 3220 quod
3482 3152 3535 3203 in
3563 3151 3802 3221 pruenti

2213 3249 2288 3295 est
2329 3248 2727 3293 momentaneum
2764 3250 2813 3293 et
2854 3240 2958 3293 leve
3000 3238 3335 3293 tribulationis
3382 3250 3597 3305 nostra,
3639 3255 3802 3309 supra

2214 3330 2418 3386 modum
2443 3331 2496 3385 in
2524 3329 2826 3385 sublimitate
2851 3339 3095 3383 ceternum
3136 3328 3315 3399 gloria:
3339 3330 3538 3399 pondus
3560 3336 3801 3399 operatur

2214 3423 2355 3476 nobis
2378 3419 2457 3490 (2.
2488 3419 2606 3474 Cor.
2637 3421 2690 3474 4.
2718 3421 2827 3488 l7).
2860 3418 2978 3486 Quo
3004 3419 3218 3474 tandem
3247 3429 3399 3487 pacto
3422 3434 3604 3490 quaaso
3622 3419 3802 3476 τιΝοιι

2215 3509 2675 3580 contemplantibus‘
2708 3510 2848 3563 nobis
2875 3523 2987 3578 qua:
3030 3509 3278 3574 videntur,
3308 3509 3399 3563 sed
3438 3523 3552 3579 qua:
3586 3526 3699 3565 non
3726 3511 3805 3565 si.

2215 3601 2397 3657 dentur
2432 3599 2541 3673 (ιθ.
2570 3616 2619 3654 υ.
2650 3600 2759 3671 18).

2285 3693 2342 3747 2.
2384 3692 2509 3746 Hinc
2546 3702 2721 3746 autem
2766 3704 2872 3745 non
2920 3689 3014 3744 abs
3060 3704 3119 3744 re
3163 3688 3302 3744 dicta
3347 3698 3525 3744 sunta
3553 3704 3660 3753 me,
3704 3690 3805 3744 sed

2215 3791 2435 3855 propter
2478 3796 2592 3846 vos,
2643 3789 2698 3834 ut
2734 3794 2857 3834 eam
2894 3778 3124 3848 aliquem
3165 3778 3218 3831 in
3254 3777 3354 3832 hac
3376 3778 3484 3832 vita
3509 3777 3713 3832 deliciis
3740 3792 3808 3832 ac

2215 3875 2570 3944 voluptatibus
2592 3870 2947 3942 perlruentem
2965 3870 3225 3935 videritis,
3242 3869 3335 3924 sed
3365 3869 3476 3923 illic
3492 3875 3675 3937 postea
3701 3883 3805 3938 pu-

2217 3967 2490 4029 niendum,
2508 3979 2612 4019 non
2635 3978 2756 4017 eum
2770 3971 2985 4032 propter
3015 3970 3305 4029 praesentes
3332 3959 3549 4013 delicias
3564 3959 3805 4026 beatum,

2217 4060 2310 4113 sed
2341 4066 2556 4126 propter
2585 4054 2821 4108 futurum
2847 4052 3166 4122 supplicium
3202 4052 3450 4105 miserum
3480 4050 3805 4118 prmdicetis.

2218 4151 2451 4205 Rursum
2484 4147 2570 4201 ubi
2593 4146 2894 4215 quempiam
2917 4159 3123 4207 eorum,
3150 4143 3241 4213 qui
3266 4143 3432 4195 multo
3458 4142 3568 4195 illic
3597 4142 3808 4198 honore

2219 4239 2503 4297 deeorandi
2551 4246 2697 4303 sunt,
2741 4237 3026 4290 afﬂictione
3053 4250 3116 4290 ac
3143 4234 3498 4299 tribulatione,
3528 4243 3690 4303 atque
3716 4235 3805 4288 in-

2221 4331 2455 4387 numeris
2480 4329 2632 4383 malis
2663 4329 2713 4382 in
2738 4328 2836 4380 hac
2856 4325 3130 4395 temporali
3155 4325 3255 4378 vita
3282 4324 3520 4379 videritis
3543 4323 3804 4383 obsideri.

2226 4438 2294 4477 ne
2341 4428 2558 4491 propter
2600 4417 2883 4486 pra‘Sentia
2925 4416 3063 4469 mala
3110 4415 3417 4483 deploretis,
3462 4414 3556 4468 sed
3598 4414 3809 4468 felicem

2214 4510 2461 4581 jndicetis
2488 4525 2550 4563 ac
2575 4509 2787 4563 beatqu
2813 4514 3031 4577 propter
3059 4504 3320 4575 repositas
3348 4502 3450 4572 ipsi
3492 4503 3545 4556 in
3588 4503 3813 4557 inﬁnitis

2221 4605 2325 4659 illis
2353 4603 2562 4658 smeulis
2604 4615 2830 4655 coronas
2854 4598 3135 4654 censeatis.
3177 4596 3332 4650 llunc
3358 4596 3538 4664 itaque
3562 4607 3808 4649 sanctum

2218 4694 2443 4749 Cilicum
2488 4692 2632 4746 natio
2678 4691 2813 4753 tulit,
2863 4704 2984 4759 qua:
3023 4686 3246 4743 Paulum
3294 4686 3454 4740 etiam
3486 4685 3641 4740 tulit:
3674 4686 3809 4740 civis

2220 4789 2361 4844 enim
2393 4787 2529 4840 illius
2556 4785 2672 4851 fuit,
2700 4793 2754 4839 et
2782 4791 3005 4850 uterque
3027 4779 3181 4837 nobis
3206 4778 3330 4833 inde
3347 4777 3589 4832 minister
3621 4776 3815 4830 Eccle-

2221 4881 2314 4936 siae
2346 4879 2557 4947 prodiit.

2292 4969 2601 5022 Diuturnum
2640 4965 2839 5019 Iuliani
2881 4963 3278 5033 martyriunt.-—-
3296 4960 3581 5029 Postquam
3629 4967 3811 5013 autem

2223 5060 2436 5131 pietatis
2464 5065 2705 5126 apertum
2732 5066 2812 5110 est
2841 5054 3087 5117 stadium,
3121 5061 3174 5106 et
3198 5051 3263 5106 ad
3286 5051 3576 5105 certamina
3601 5058 3815 5118 tempus

2221 5154 2393 5223 ipsum
2440 5149 2667 5214 vocavit,
2718 5148 2771 5201 in
2820 5160 3015 5206 saevam
3055 5143 3242 5199 incidit
3268 5143 3517 5206 belluam,
3545 5156 3665 5211 qua:
3696 5148 3811 5193 tum

2218 5243 2471 5312 judicium
2495 5236 2795 5293 exercebat.
2820 5237 2896 5289 Ac
2919 5234 3093 5288 videte
3112 5241 3471 5288 commentum
3491 5248 3507 5283 :
3527 5244 3647 5284 cum
3665 5228 3812 5284 eniin

2222 5349 2344 5387 eum
2380 5331 2507 5384 forti
2528 5328 2709 5382 animo
2737 5326 3013 5395 prteditum
3040 5323 3265 5386 videret,
3296 5336 3471 5390 neque
3496 5334 3654 5389 posse
3679 5336 3812 5388 sup-

2225 5424 2363 5492 plicii
2398 5419 2732 5475 vehementia
2767 5416 2989 5487 rigidum
3019 5415 3147 5470 illud
3181 5413 3346 5468 animi
3375 5413 3538 5468 robur
3569 5411 3811 5480 infringi,

2224 5514 2274 5567 in
2306 5510 2807 5582 procrastinationes
2845 5508 2987 5561 illum
3030 5506 3247 5576 conjicit
3272 5519 3345 5559 ac
3381 5503 3681 5565 dilationes,
3728 5503 3814 5555 iu-

2225 5604 2507 5658 troducens
2536 5600 2823 5654 identidem
2870 5608 2924 5651 et
2970 5598 3223 5653 edocens.
3254 5596 3370 5651 Non
3396 5596 3539 5651 enim
3565 5610 3671 5647 uno
3700 5592 3814 5656 die,

2226 5713 2345 5753 cum
2375 5696 2629 5758 audisset,
2665 5693 2734 5753 illi
2763 5699 2921 5763 eaput
2944 5690 3185 5754 abscidit,
3220 5705 3286 5743 ne
3310 5686 3552 5756 supplicii
3576 5682 3816 5741 brevims

2195 5828 2199 5835 .
2232 5788 2515 5841 laciiiorcm
2546 5783 2620 5838 illi
2662 5796 2874 5837 cursum
2920 5779 3200 5865 redderet;
3244 5778 3334 5834 scd
3367 5776 3553 5833 diebus
3592 5770 3814 5853 singulis
