4084 6486
198 440 289 498 669

192 641 320 700 mille
342 646 603 697 tormenta
632 633 997 703 minitabatur,
1024 626 1341 686 adulatoriis
1363 624 1544 687 verbis
1567 616 1770 682 allicie-

193 738 289 803 bat,
326 744 513 788 omnes
557 726 832 795 machinas
859 706 1202 786 admovebat,
1225 726 1284 776 et
1323 718 1599 773 immotum
1639 708 1767 768 illud

192 822 576 882 fundamentum
614 822 907 872 canentem
938 810 1246 877 nitebatur;
1274 821 1417 864 anno
1439 806 1649 876 integro
1673 814 1771 873 per

193 916 476 972 universam
500 904 656 965 illum
674 905 912 964 Ciliciam
940 898 1403 965 circumducebat,
1449 892 1772 975 ignominia-

187 985 279 1073 que
304 1000 572 1058 afﬁciebat
596 1016 611 1055 :
637 999 747 1054 imo
770 1008 920 1058 vero,
946 992 1089 1064 quod
1130 985 1355 1045 minime
1393 984 1769 1047 arbitrabatur,

186 1094 518 1153 illustriorem
558 1078 817 1146 reddebat
861 1078 1190 1157 martyrem;
1242 1088 1447 1153 martyr
1492 1086 1671 1132 autem
1719 1083 1776 1130 et

188 1190 290 1259 ipse
316 1182 708 1243 vociferabatur
732 1176 1161 1246 concinebatqne
1184 1187 1307 1229 eum
1338 1170 1525 1258 Paulo,
1552 1168 1658 1223 Deo
1682 1183 1778 1221 att-

187 1292 275 1335 tau
318 1279 511 1352 gratias
548 1274 636 1346 qui
678 1270 957 1341 triumphat
1008 1281 1103 1322 nos
1153 1268 1207 1321 in
1252 1264 1474 1343 Christo,
1500 1272 1548 1352 et
1572 1260 1778 1352 odoratu

187 1346 366 1425 notitiis
392 1381 504 1423 sate
541 1363 830 1435 manifestat
855 1377 945 1432 per
977 1375 1075 1415 nos
1101 1361 1155 1414 in
1180 1357 1317 1413 enini
1343 1357 1454 1411 loco
1473 1346 1550 1423 (ξ.
1573 1352 1692 1408 Cor.
1719 1348 1776 1403 2.

191 1460 291 1533 lt).
333 1457 409 1518 Ut
445 1457 589 1515 enim
635 1460 985 1526 unguentum,
1029 1449 1290 1523 quamdiu
1338 1446 1554 1519 quidem
1592 1457 1699 1499 uno
1726 1443 1780 1497 in

191 1552 301 1608 loco
326 1537 621 1613 situm’est,
650 1546 827 1602 solum
857 1543 1005 1598 illum
1034 1555 1218 1597 aerem
1239 1538 1404 1611 odore
1429 1536 1639 1628 inficit;
1659 1548 1781 1587 eum

188 1650 357 1698 autem
375 1641 431 1695 in
449 1638 612 1693 multa
630 1636 791 1692 fuerit
805 1634 921 1688 loca
938 1631 1266 1703 dispersum,
1285 1626 1466 1685 omnia
1482 1622 1579 1681 sua
1590 1622 1786 1678 virtute

191 1732 414 1802 complet
443 1748 459 1785 :
488 1730 560 1784 ita
590 1725 839 1783 nimirum
869 1731 925 1778 et
950 1723 1002 1776 in
1031 1729 1273 1792 martyre
1300 1715 1514 1773 accidit.
1541 1712 1784 1769 Circum-

190 1823 442 1894 agebatur
464 1819 607 1891 enim
637 1827 753 1873 tum
782 1813 1041 1885 temporis
1071 1815 1132 1868 ut'
1150 1809 1446 1866 inurendus
1470 1805 1783 1879 ignominia,

193 1912 281 1968 sed
303 1909 632 1979 contrarium
661 1905 973 1963 eveniebat:
999 1902 1260 1966 illustrior
1281 1901 1368 1956 illa
1396 1897 1790 1957 transvectiono

195 2002 347 2059 ebat
386 2001 627 2068 athleta,
669 2007 996 2067 cunctosque
1042 1996 1267 2053 Cilicum
1312 1993 1547 2065 regionis
1589 1990 1791 2047 incolas

194 2110 297 2150 sua:
338 2094 549 2148 virtutis
586 2078 938 2146 aemulatores
996 2088 1274 2145 reddebat.
1324 2086 1793 2156 Circumagebatur

195 2197 620 2255 quoquoversus,
666 2191 726 2237 ut
750 2181 866 2251 ejus
893 2180 1192 2237 certamina
1225 2194 1330 2234 non
1356 2193 1422 2234 ex
1451 2176 1591 2232 fama
1621 2176 1818 2231 solum.

196 2275 484 2337 discerent,
512 2272 608 2327 sed
649 2271 919 2341 etipsum
952 2280 1263 2328 coronatum
1292 2270 1547 2324 victorem
1572 2275 1796 2323 contue-

197 2374 377 2421 rentur
400 2371 772 2433 spectatores;
804 2370 1115 2432 quantoque
1154 2360 1422 2430 longiores
1447 2358 1522 2413 illi
1546 2358 1797 2414 circuitus

196 2455 348 2510 stadii
374 2452 761 2523 curriculaque
785 2450 1068 2516 reddebat,
1098 2460 1244 2506 tanto
1267 2449 1584 2505 illustriores
1609 2462 1799 2503 cursus

196 2562 381 2603 omnes
408 2547 646 2602 fiebant:
683 2557 888 2615 quanto
920 2545 1121 2615 majora
1162 2544 1233 2598 illi
1278 2553 1572 2597 scammata
1603 2555 1801 2611 propo-

200 2640 378 2705 nebat,
412 2648 562 2694 tanto
589 2636 925 2694 mirabiliora
947 2637 1239 2694 certamina
1266 2635 1531 2691 efficiebat
1558 2649 1575 2690 :
1603 2643 1802 2705 quanto

196 2731 541 2787 albictionem
569 2731 835 2801 temporis
856 2729 1207 2784 diuturnitate
1243 2728 1615 2798 protendebat,
1654 2734 1803 2780 tanto

200 2822 565 2893 probatiorem
586 2821 901 2892 patientiam
926 2818 1326 2891 ejusreddehat.
1350 2818 1483 2874 Nam
1511 2827 1566 2874 et
1590 2818 1800 2879 aurum.

199 2929 306 2985 quo
332 2915 537 2970 diutius
560 2929 689 2971 cum
716 2915 853 2988 ignis
881 2925 1065 2969 natura
1096 2922 1364 2981 versatur,
1390 2912 1573 2981 purius
1592 2908 1764 2983 evadit
1783 2924 1804 2964 ε

198 3004 654 3074 quemadmodum
682 3014 738 3061 et
782 3013 895 3060 tum
922 3004 1091 3059 sancti
1130 3004 1308 3057 anima
1335 3011 1573 3071 tempore
1600 2999 1805 3055 exami-

200 3103 324 3152 nata
377 3098 551 3168 magis
602 3094 923 3166 refulgebat,
977 3109 1078 3150 nec
1124 3094 1268 3148 aliud
1320 3092 1592 3163 quiddam,
1646 3105 1805 3161 quam

204 3197 467 3259 tropaeum
515 3185 776 3245 adversus
821 3186 1055 3256 seipsum
1099 3199 1164 3240 ac
1190 3183 1482 3249 diabolum,
1514 3191 1808 3255 martyrem

205 3272 655 3341 circumferebat,
698 3276 1031 3333 crudelitatis
1076 3275 1353 3346 gentilium
1399 3285 1807 3344 argumentum,

204 3372 632 3429 Christianorum
660 3370 875 3443 pietatis
901 3368 1176 3434 indicium,
1195 3367 1406 3423 virtutis
1425 3365 1622 3423 Christi
1644 3364 1813 3420 maxi-

208 3481 361 3522 mum
403 3466 635 3536 signum,
687 3464 1094 3519 incitamentum
1138 3470 1193 3517 et
1236 3460 1520 3517 consilium
1545 3458 1809 3531 fidelibus,

205 3566 264 3610 ut
288 3554 459 3613 alacri
486 3555 666 3611 animo
693 3554 751 3611 in
771 3552 959 3610 iisdem
972 3552 1354 3608 certaminibus
1382 3558 1810 3622 perseverarent,

206 3645 402 3701 divina:
417 3644 601 3716 gloria:
614 3642 1135 3715 preconem,lalium
1152 3638 1506 3700 certaminum
1518 3641 1815 3712 disciplina:

208 3737 545 3809 magistrum.
593 3735 830 3793 Cunctas
868 3735 1013 3791 enim
1056 3734 1125 3790 ad
1170 3733 1538 3789 imitationemo
1571 3733 1653 3788 sui
1703 3747 1814 3787 non

208 3842 343 3884 voce
372 3824 575 3883 tantum
604 3827 862 3893 suadens,
910 3824 1007 3881 sed
1032 3822 1185 3880 factis
1216 3824 1494 3895 ipsistuba
1532 3823 1815 3878 clariorem

214 3921 439 3977 mittens
460 3934 669 3987 vocem,
693 3918 1098 3976 cohortabatur.
1135 3916 1200 3971 Et
1223 3914 1672 3985 quemadmodum
1697 3913 1817 3970 ereli

212 4027 320 4069 nan
351 4014 546 4069 emissa
573 4028 705 4069 voce
734 4013 825 4067 Dei
854 4010 1082 4082 gloriam
1126 4018 1382 4064 enarrant
1416 4007 1589 4080 (Psal.
1622 4007 1710 4063 18.
1736 4006 1815 4076 l),

213 4107 309 4161 sed
337 4107 467 4161 dum
490 4116 737 4177 aspectus
760 4105 842 4160 sui
890 4103 1185 4174 splendore
1222 4109 1580 4179 spectatorem
1623 4100 1677 4153 in
1725 4099 1820 4155 ad-

212 4197 555 4251 mirationem
599 4196 892 4251 conditoris
949 4193 1238 4250 traducunt
1285 4209 1298 4245 :
1344 4191 1416 4246 ita
1466 4191 1715 4245 nimirum
1766 4198 1821 4244 ct

211 4297 423 4359 martyr
466 4288 552 4342 ille
584 4288 673 4342 Dei
703 4288 926 4357 gloriam
960 4296 1088 4348 tunc
1112 4283 1415 4349 enarrabat,
1457 4296 1579 4336 eum
1627 4280 1818 4335 ca-ium

212 4387 363 4434 esset
389 4380 503 4449 ipse
529 4392 743 4448 quoque
769 4377 936 4439 multo
963 4378 1071 4431 isto
1098 4373 1347 4441 lucidius,
1379 4372 1522 4443 quod
1550 4371 1813 4427 videmus.

212 4466 331 4523 Non
389 4469 533 4523 enim
583 4468 655 4521 ita
702 4467 891 4522 caelum
941 4477 1212 4522 astrorum
1274 4462 1429 4517 chori
1479 4462 1819 4532 splendidum

213 4564 481 4627 reddunt,
523 4571 580 4615 ut
622 4561 873 4631 martyris
916 4571 1118 4629 corpus
1160 4554 1490 4627 splendidius
1538 4554 1819 4609 vulnerum

210 4655 399 4709 sanies
423 4651 671 4707 reddidit.
701 4652 877 4721 Atque
897 4660 953 4705 ut
974 4648 1226 4721 martyris
1250 4648 1469 4702 vulnera
1492 4645 1625 4701 caelo
1647 4644 1824 4700 infixis

214 4748 383 4800 amris
409 4742 771 4813 splendidiora
798 4758 917 4798 esse
942 4740 1184 4804 discatis,
1210 4740 1491 4794 advertite.

289 4836 563 4890 Daemones
592 4833 879 4903 Martyrum
917 4832 1151 4912 sepulcra
1176 4830 1566 4901 {ormidant.—
1586 4828 1664 4883 Ad
1697 4828 1823 4883 illud

213 4929 438 4999 quidem
488 4928 677 4982 etelum
726 4942 790 4981 ae
830 4926 1013 4980 Stellas
1056 4941 1175 4980 cum
1220 4923 1469 4979 homines
1511 4918 1853 4991 respiciunt,‘

217 5033 333 5075 tum
362 5019 675 5083 dmmones;
708 5017 804 5075 sed
846 5016 913 5071 ad
945 5017 1104 5085 hujus
1123 5017 1288 5070 etiam
1334 5013 1550 5068 vulnera
1581 5013 1827 5067 homines

214 5106 440 5182 quidem
490 5109 780 5178 respiciunt
826 5108 1044 5172 fideles,
1091 5107 1367 5162 da-mones
1417 5112 1595 5160 autem
1645 5105 1828 5158 oculos

215 5213 413 5260 contra
441 5215 553 5255 non
587 5199 785 5254 audent
824 5198 1096 5263 attollere;
1146 5200 1272 5268 quin
1306 5198 1468 5251 etiam
1510 5196 1555 5250 si
1586 5202 1831 5264 spectare

217 5305 512 5364 conentur,
545 5295 799 5350 continuo
842 5292 1131 5348 luminibus
1161 5292 1443 5355 orbantur,
1469 5303 1571 5346 nec
1608 5298 1830 5359 possunt

218 5387 566 5445 exsilientem
594 5385 719 5440 inde
751 5384 1005 5455 fulgorem
1035 5383 1319 5439 sustinere.
1349 5381 1467 5438 Hoc
1493 5395 1594 5453 ego
1621 5396 1726 5435 non
1767 5392 1832 5434 ex

222 5482 289 5534 iis
321 5486 531 5532 tantum
559 5491 677 5546 qua!
708 5476 833 5529 olim
856 5476 1187 5541 acciderunt,
1206 5474 1300 5529 sed
1328 5489 1391 5529 ex
1421 5472 1488 5527 iis
1509 5473 1691 5537 etiam,
1715 5488 1835 5542 qua:

223 5568 501 5637 hodieque
541 5565 693 5631 fiunt,
742 5563 1123 5634 comprobabo.
1145 5556 1328 5619 'Sume
1354 5565 1499 5619 enim
1529 5564 1835 5634 quempiam

224 5676 257 5716 a
288 5660 540 5714 da-mone
580 5667 883 5726 correptum
930 5672 992 5711 ac
1038 5656 1326 5724 furentem,
1375 5666 1429 5711 et
1475 5654 1544 5710 ad
1589 5664 1835 5710 sanctum

226 5750 713 5822 illud.sepulcrum
758 5749 954 5827 deduc,
986 5765 1092 5821 quo
1122 5751 1371 5821 reliquiae
1388 5748 1643 5821 martyris
1667 5749 1839 5803 couti-

227 5851 455 5913 nentur,
480 5851 594 5899 tum
620 5830 949 5898 resilientem
992 5842 1148 5913 plane
1174 5854 1335 5916 atque
1365 5845 1654 5916 fugientem
1688 5845 1836 5899 vide-

1258 418 1356 485 ,lN
1390 420 1447 475 s.
1491 407 1838 472 summust
1873 396 2285 469 MARTYREM.

195 546 551 614 introducebat,
598 542 890 608 educebat,
945 535 1395 609 interrogationes
1449 498 1759 591 adhibebat,
1816 535 1821 540 ‘

3360 410 3467 470 070

1873 527 1975 583 bis.
2032 527 2105 586 Ut
2152 527 2296 586 enim
2341 528 2388 585 si
2433 541 2533 602 per
2577 542 2779 600 prunas
2823 527 3131 586 incessuras
3183 537 3347 595 esset,
3390 529 3474 586 sic

1872 621 1943 677 ab
1970 620 2089 693 ipso
2128 620 2395 679 vestibulo
2421 620 2602 678 statim
2627 622 2825 690 exsilit,
2855 630 2910 679 et
2949 637 3017 678 ne
3044 622 3231 679 oculos
3252 623 3472 694 quidem

1874 710 2130 767 adversus
2157 712 2331 783 ipsam
2357 711 2563 770 thecam
2591 712 2754 769 audet
2781 715 3050 787 attollere.
3080 712 3234 782 Quod
3255 714 3299 771 si
3331 727 3475 773 nunc

1875 811 2025 858 tanto
2067 811 2190 873 post
2232 812 2495 875 tempore,
2542 817 2667 860 eum
2712 793 2889 876 pulvis
2916 814 2969 861 et
3006 804 3142 863 cinis
3165 814 3250 862 est
3277 805 3473 871 factus,

1877 893 2150 964 suspicere
2194 892 2247 948 in
2282 903 2688 951 monumentum
2723 910 2831 953 non
2870 896 3089 962 audent,
3116 911 3219 953 nec
3246 896 3301 952 in
3330 895 3471 953 nuda

1879 985 2049 1039 sancti
2095 985 2499 1064 ossa,.minime
2535 982 2756 1042 dubium
2794 996 2900 1054 est,
2937 988 3206 1059 quintum
3240 1003 3477 1059 quoque,

1880 1087 2001 1127 cum
2026 1072 2181 1153 illum
2206 1072 2467 1147 sanguine
2490 1072 2839 1147 purpuratum
2874 1077 3143 1146 videbant,
3171 1078 3484 1134 vulneribus

1878 1164 2117 1234 undique
2161 1164 2393 1236 amplius
2444 1180 2607 1237 quam
2666 1166 2838 1224 solem
2879 1168 3046 1224 radiis
3083 1168 3437 1241 refulgentem
3462 1210 3485 1239 ,

1884 1255 2115 1325 perculsi
2138 1254 2359 1325 fuerint,
2387 1265 2443 1313 et
2461 1256 2631 1315 oculis
2658 1258 2772 1314 laesi
2795 1260 3139 1317 recesserint.

1956 1347 2010 1401 5.
2046 1346 2204 1404 Vides
2250 1357 2309 1404 ut
2352 1351 2513 1405 astris
2550 1349 2855 1409 caelestibus
2898 1362 3194 1425 martyrum
3252 1354 3475 1413 vulnera

1886 1438 2244 1509 splendidiora
2263 1441 2446 1498 sintac
2469 1437 2817 1512 mirabiliora,
2837 1444 3133 1517 majorique
3156 1450 3352 1507 virtute
3365 1449 3485 1519 pol-

1890 1529 2325 1589 leantlSanetus
2367 1532 2548 1603 itaque
2584 1533 2641 1589 in
2693 1535 2929 1591 medium
2970 1537 3384 1606 producebatur,
3429 1550 3508 1597 et'

1889 1621 2082 1676 acerba
2096 1622 2329 1693 undique
2349 1624 2608 1695 supplicia
2623 1626 3065 1691 circumstabant,
3087 1640 3263 1687 metus
3277 1632 3486 1687 futuro-

1893 1726 2036 1777 rum,
2052 1712 2202 1768 labor
2219 1715 2586 1783 praesentium,
2604 1715 2759 1773 dolor
2772 1706 3154 1790 ingruentium,
3168 1736 3355 1777 eorum
3370 1738 3489 1791 qua!

1847 1884 1865 1897 κ
1893 1804 2341 1876 exspectabantur
2355 1806 2587 1864 formido
2616 1817 2921 1882 :tamquam
2943 1813 3089 1868 enim
3112 1815 3304 1871 bellua:
3334 1832 3487 1887 qua:-

1895 1896 2017 1952 dam
2059 1897 2324 1955 immanes
2349 1900 2627 1981 carnifices
2653 1917 2850 1973 corpus
2883 1904 3000 1975 ejus
3047 1906 3495 1964 circumsidentes

1897 1988 2065 2045 latera
2089 1990 2436 2061 effodiebam,
2467 2008 2685 2050 carnem
2713 1986 3064 2074 deradebant,
3096 2014 3221 2053 ossa
3248 1998 3493 2055 denuda-

1897 2083 2047 2150 bant,
2066 2083 2269 2140 viscera
2291 2085 2405 2155 ipsa
2428 2086 2682 2142 interiora
2710 2089 3089 2157 pervadebant.
3109 2092 3355 2146 Attamen
3373 2106 3494 2146 cum

1900 2184 2091 2229 cuncta
2124 2177 2564 2248 pervestigarent,
2599 2179 2907 2235 thesaurum
2936 2181 3060 2238 fidei
3078 2183 3375 2253 deprasdari
3397 2184 3497 2237 mi-

1903 2266 2048 2320 nime
2068 2266 2703 2329 valuerunt.,;Enimvero
2733 2271 2785 2325 in
2814 2287 2998 2342 regum
3030 2274 3271 2347 aerariis,
3294 2275 3385 2330 ubi
3402 2290 3499 2328 au-

1904 2373 2024 2412 rum
2052 2357 2274 2428 alimque
2300 2359 2533 2430 copiosae
2562 2370 2685 2415 sunt
2714 2377 2845 2431 opes
2868 2363 3179 2431 reconditas,
3201 2365 3247 2420 si
3267 2365 3498 2436 parietes

1904 2449 2075 2504 solum
2091 2447 2408 2518 perfoderis,
2430 2452 2477 2506 si
2498 2450 2638 2506 fores
2651 2456 2995 2521 reseraveris,
3012 2456 3269 2511 continuo
3286 2455 3501 2513 thesau-

1904 2556 2025 2596 rum
2060 2539 2327 2610 objectum
2349 2540 2534 2608 vides;
2564 2550 2620 2596 at
2647 2543 2733 2597 hic
2767 2544 2826 2599 in‘
2860 2554 3048 2601 sancto
3074 2547 3177 2601 isto
3197 2537 3501 2604 Christum;-

1906 2647 2009 2702 que
2034 2633 2327 2688 continenti
2378 2635 2582 2704 templo
2608 2637 2933 2694 contrarium
2974 2638 3272 2695 accidebat.
3309 2634 3519 2696 Perfo--
3602 2691 3608 2696 .

1907 2722 2128 2778 diebant
2168 2738 2353 2779 muros
2372 2725 2685 2791 carnifices,
2716 2737 3038 2797 pectoraque
3067 2714 3504 2800 disrumpebant,

1909 2822 1965 2868 et
1985 2814 2286 2870 reconditas
2330 2830 2462 2885 opes
2489 2831 2589 2872 nec
2617 2819 2949 2887 cernebant,
2987 2836 3089 2877 nec
3127 2836 3321 2893 rapere
3351 2831 3506 2893 pote—

1910 2914 2034 2960 rant
2057 2922 2072 2972 ;
2097 2906 2209 2961 sed-
2230 2907 2372 2977 quod
2400 2909 2576 2964 evenit
2606 2907 2932 2978 Sodomitis,
2966 2920 3025 2967 ut
3064 2912 3133 2969 ad
3180 2914 3372 2971 domus
3404 2915 3507 2971 Lot

1906 2996 2123 3067 januam
2164 3000 2380 3070 quidem
2430 3002 2597 3073 ipsam
2626 3012 2832 3059 starent
2855 3044 2870 3072 ,
2901 3004 3105 3062 aditum
3133 3022 3261 3063 vero
3284 3023 3391 3064 non
3436 3008 3509 3064 iu~

1911 3089 2157 3144 venirent
2200 3080 2354 3161 (Gen.
2386 3092 2470 3147 l9.
2502 3092 2592 3148 l0.
2636 3109 2744 3164 sqq.
2778 3091 2797 3163 )
2834 3093 2955 3150 :sie
2993 3095 3247 3151 nimirum
3287 3106 3343 3153 et
3385 3098 3506 3165 isti,

1915 3194 2036 3235 cum
2061 3194 2256 3251 corpus
2300 3184 2550 3253 martyris
2582 3183 2924 3255 undiquaque
2967 3196 3356 3256 scrutarentur,
3387 3189 3507 3245 tlte-

1916 3287 2131 3328 saurum
2156 3282 2331 3328 tamen
2376 3274 2781 3344 deprehendere
2809 3276 3041 3348 fideique
3066 3278 3281 3335 divitias
3307 3281 3510 3336 exhau-

1917 3363 2027 3417 rire
2049 3377 2153 3417 non
2176 3363 2445 3418 valebant.
2476 3364 2622 3419 Talia
2643 3352 2768 3419 sunt
2796 3366 2991 3422 animze
3029 3377 3340 3425 sanctorum
3366 3382 3513 3427 recte

1918 3455 2055 3509 facta
2078 3496 2093 3522 ,
2120 3470 2240 3525 qua:
2278 3470 2379 3511 nec
2404 3457 2601 3513 auferr‘i
2631 3472 2730 3512 nec
2758 3457 2894 3529 vincl
2926 3470 3183 3531 possunt,
3210 3462 3263 3517 in
3312 3464 3508 3518 anima:

1919 3546 2231 3603 fortitudine
2280 3557 2551 3619 tamquam
2590 3550 2641 3603 in
2674 3550 2827 3622 asylo
2859 3552 3089 3621 quodam
3126 3562 3181 3608 et
3205 3566 3363 3608 sacro
3392 3555 3512 3609 loco

1919 3639 2232 3706 recondita,
2257 3649 2315 3695 ut
2346 3654 2444 3695 nec
2481 3641 2621 3695 oculi
2649 3647 2995 3714 tyrannorum
3021 3657 3084 3699 ea
3122 3655 3386 3713 cernant,
3417 3633 3516 3701 nec

1921 3744 2114 3785 manus
2155 3730 2464 3786 carnificum
2515 3747 2706 3802 rapere
2762 3735 3004 3803 possint;
3050 3733 3143 3790 sed
3187 3735 3313 3791 licet
3338 3737 3511 3806 ipsum

1924 3837 2020 3878 eor
2039 3822 2328 3890 dissecent,
2361 3824 2445 3877 cui
2474 3824 2739 3892 praecipue
2774 3824 2977 3879 credita
3022 3832 3105 3879 est
3143 3826 3520 3882 animae'forti-

1926 3916 2075 3982 tudo,
2105 3915 2230 3971 licet
2254 3915 2309 3969 in
2339 3915 2538 3969 minuta
2576 3915 2742 3970 frusta
2766 3916 3068 3983 concidant,
3093 3932 3163 3973 ne
3196 3918 3276 3973 sic
3298 3918 3514 3989 quidem

1924 4021 2056 4076 opes
2104 4005 2447 4072 exhauriunt,
2474 4006 2569 4059 sed
2608 4020 2701 4061 eas
2749 4007 3038 4075 ampliores
3066 4008 3227 4063 etiam
3266 4007 3521 4064 reddunt.

1925 4097 2095 4167 Hujus
2114 4098 2192 4152 rei
2213 4112 2373 4152 causa
2409 4098 2549 4153 Deus
2570 4108 2673 4163 est,
2702 4098 2791 4169 qui
2819 4100 3033 4155 animas
3067 4099 3200 4155 tales
3227 4099 3520 4165 inhabitat;

1926 4194 2015 4263 qui
2038 4208 2167 4248 vero
2189 4192 2299 4247 Deo
2326 4193 2525 4247 bellum
2559 4193 2768 4257 inferat,
2800 4193 2919 4249 fieri
2942 4196 3128 4263 nequit
3153 4210 3428 4264 umquam,
3463 4206 3523 4249 ut

1928 4286 2099 4339 victor
2111 4283 2319 4348 evadat,
2347 4284 2439 4339 sed
2457 4299 2677 4339 necesse
2691 4294 2795 4353 est,
2811 4294 2867 4339 ut
2882 4284 3112 4340 ludibrio
3134 4285 3347 4340 habitus
3366 4286 3525 4357 turpi-

1930 4385 2115 4446 terque
2160 4386 2441 4445 superatus
2491 4376 2761 4430 abscedat.
2803 4376 3095 4447 Pr0pterea
3140 4385 3252 4431 tum
3306 4392 3521 4447 quoque

1928 4480 2114 4524 contra
2134 4510 2147 4531 ,
2175 4484 2335 4539 quam
2369 4484 2467 4522 usu
2508 4470 2692 4523 venire
2736 4468 2943 4533 soleat,
2967 4467 3245 4524 accidebat
3276 4485 3290 4523 ε
3324 4468 3521 4538 ubique

1930 4559 2241 4630 siquidema
2271 4561 2425 4614 lactis
2456 4561 2613 4613 verba
2642 4569 2983 4629 superantur,
3012 4568 3125 4617 tum
3156 4575 3283 4615 vero
3311 4574 3522 4614 sermo-

1932 4665 2028 4704 nes
2056 4650 2357 4705 actionibus
2384 4650 2749 4720 praevalebant
2773 4667 2786 4702 :
2819 4649 3129 4719 quomodo?
3150 4648 3526 4705 Admovehant

1934 4745 2107 4814 ignem
2141 4743 2213 4797 illi
2240 4751 2294 4799 et
2311 4744 2508 4797 ferrum
2536 4751 2590 4797 et
2610 4750 2897 4806 tormenta;
2928 4741 3286 4797 admovebant
3318 4755 3530 4810 paenae,

1933 4837 2188 4909 supplicia
2208 4879 2222 4903 ,
2249 4836 2491 4906 ﬂagella;
2529 4833 2901 4905 perfodicbant
2923 4835 3157 4904 undique
3182 4835 3195 4861 ‘
3228 4835 3396 4889 latera
3431 4851 3446 4888 :
3480 4847 3537 4889 et

1933 4930 2023 5000 qui
2071 4930 2371 4999 patiebatur
2419 4927 2844 4997 inexpugnabilis
2893 4926 3176 4989 manebat;
3214 4925 3537 5005 loquebatur

1936 5019 2029 5074 ille
2051 5029 2278 5084 tantum,
2315 5018 2722 5088 simplicemque
2752 5030 2937 5071 vocem
2963 5016 3263 5082 emittebat,
3282 5026 3336 5070 et
3363 5031 3535 5086 Opera

1938 5127 2117 5169 sermo
2164 5112 2480 5166 vincebat’.
2525 5110 2826 5165 Exsiliebat
2876 5125 2939 5164 ex
2986 5109 3236 5181 martyris
3278 5122 3373 5163 ore
3424 5122 3529 5160 vos

1937 5212 2141 5267 sancta,
2170 5203 2437 5273 simulque
2471 5217 2594 5256 cum
2623 5202 2736 5271 ipsa
2766 5202 2948 5257 lumen
2978 5201 3133 5255 radio
3158 5200 3319 5255 solari
3353 5200 3531 5269 splen-

1940 5296 2116 5350 didius
2145 5296 2474 5350 eliciebatur.
2507 5294 2675 5365 Hujus
2701 5302 2906 5349 tantum
2930 5305 3014 5348 cst
3038 5295 3239 5359 lumen,
3272 5302 3533 5363 quantum

1943 5392 2084 5445 inter
2117 5389 2307 5443 etclqu
2350 5398 2405 5443 et
2447 5399 2642 5442 terram
2690 5386 2973 5455 interiacet
3018 5386 3389 5451 intervallum;
3430 5386 3539 5439 imo

1944 5497 2075 5537 vero
2120 5498 2187 5538 ne
2229 5481 2330 5537 hoc
2369 5481 2585 5552 quidem
2610 5481 2874 5551 integrum
2906 5488 3079 5549 potest
3108 5477 3399 5547 pervadere
3420 5518 3435 5544 ,
3468 5477 3539 5531 si-

2012 5665 2029 5696 ί
2065 5654 2147 5712 ttie
2170 5670 2223 5713 et
2246 5661 2367 5713 infra
2402 5664 2450 5711 in
2475 5661 2638 5712 Morel.
2664 5660 2886 5725 quaedam
2922 5660 3146 5717 deerant,
3177 5669 3288 5720 quae
3310 5670 3371 5706 ex
3397 5653 3534 5705 Savil.

1950 5737 2001 5778 et
2025 5739 2089 5775 ex
2110 5725 2585 5789 Mss.suppleutur._
2659 5788 2667 5789 ί
2801 5786 2810 5789 _
2878 5784 2889 5789 _
2964 5784 2973 5789 _
3400 5780 3411 5789 .
3504 5779 3512 5787 .

2013 5792 2033 5820 ί
2068 5795 2116 5836 In
2152 5780 2444 5845 Savil.'post,
2491 5786 2746 5841 (tumebat.
2773 5786 2843 5833 sic
2878 5784 3077 5845 legitur,
3101 5788 3338 5831 tormenta
3377 5780 3535 5842 despi-

2013 5803 2033 5820 ¹
2068 5803 2116 5836 Ill
2152 5803 2290 5837 sum.
2340 5803 2444 5843 )OSI,
2491 5803 2746 5841 (nuarum.
2773 5803 2843 5833 SlC
2878 5803 3077 5845 lt‘gluu',
3101 5803 3338 5831 tormenta
3377 5803 3448 5829 uc.

1950 5851 2079 5902 ciens
2093 5857 2153 5911 ,ει
2170 5803 2468 5913 [macilenta
2486 5850 2743 5912 superavit.
2770 5848 2844 5899 sic
2865 5860 3009 5911 Opera
3033 5858 3191 5897 sermo
3214 5846 3448 5895 vincebat.
