4084 6426
640 322 699 377 7i
1229 313 1288 371 S.
1327 311 1605 370 JOiNNlS
1627 304 2100 366 CHRYSOSTOMl
2138 301 2457 361 ABCHIEP.
2498 304 3025 363 CONSTANTINOP.

605 434 819 503 quando
868 441 1102 495 tectum,
1145 429 1227 497 yel
1268 440 1486 490 murus,
1533 424 1615 480 vel
1664 422 1867 488 nubes,
1902 421 1987 475 vel
2038 416 2183 471 aliud

607 522 875 595 quoddam
904 535 1096 592 corpus
1123 515 1520 579 intercesserit,
1547 513 1640 569 sed
1664 512 1954 569 obstruitur
1982 522 2046 562 ac
2073 505 2187 561 dis-

608 614 842 699 cinditur
888 613 1054 681 septis
1095 607 1375 680 ejusmodi,
1406 620 1475 661 ne
1520 604 1742 659 ulterius
1771 602 1972 657 feratur
2014 614 2028 651 :
2082 612 2185 651 vox

609 715 787 760 autem
812 689 1084 774 'martyris
1131 715 1197 756 ex
1239 699 1325 754 illa
1373 705 1558 752 sancta
1605 696 1780 764 lingua
1824 690 2105 762 prosiliens
2134 689 2187 742 in

609 797 799 851 caelum
851 793 1098 849 subsiliit.
1129 792 1482 847 Praetervecta
1514 795 1597 843 est
1638 785 1826 839 cmlum
1865 779 2192 846 caeli;vide-

610 899 862 944 runteam
881 886 1074 956 angeli,
1092 884 1316 954 locoque
1335 887 1632 946 cesserunt,
1646 874 1965 945 archangeli,
1984 882 2038 927 et
2052 873 2189 926 viam

607 981 893 1045 dederunt;
921 976 1204 1032 Cherubim
1226 982 1288 1029 et
1330 972 1449 1027 alia
1490 971 1716 1031 virtutes
1762 980 1975 1022 sursum
2019 964 2189 1032 ipsam

610 1072 972 1134 deduxerunt;
1001 1075 1101 1122 nec
1129 1066 1279 1135 prius
1302 1069 1660 1126 recesserunt,
1702 1073 1861 1129 quam
1891 1053 1958 1109 ad
2011 1054 2185 1124 ipsum

613 1164 863 1217 thronum
903 1158 1110 1229 regium
1160 1154 1524 1209 adduxissent.

685 1251 825 1305 Mors
875 1257 1157 1318 martyrum
1187 1255 1259 1298 est
1302 1241 1532 1297 victoria.
1564 1237 1628 1294 S.
1660 1236 1904 1291 Julianus
1952 1234 2005 1289 in
2053 1248 2193 1286 mare

614 1341 885 1413 prajectua.
918 1367 989 1378 -
1014 1338 1146 1392 Post
1188 1334 1329 1389 hanc
1355 1341 1533 1386 autem
1583 1344 1766 1384 vocem
1819 1342 1940 1383 cum
1971 1325 2190 1401 vidisset

614 1434 678 1499 is,
709 1426 800 1503 qui
846 1439 955 1484 tum
981 1427 1238 1499 judicium
1266 1422 1579 1486 exercebat,
1610 1435 1669 1474 se
1695 1424 2107 1473 temere'cuncta
2140 1421 2195 1467 et

613 1524 881 1578 incassum
908 1535 1027 1576 esse
1072 1518 1429 1573 machinatum
1452 1555 1467 1580 ,
1492 1527 1656 1582 seque
1695 1520 1881 1565 contra
1919 1508 2191 1562 stimulum

612 1613 922 1676 calcitrare,
954 1618 1115 1679 atque
1163 1605 1498 1661 adamantem
1528 1609 1804 1672 percutere
1828 1640 1843 1665 ,
1872 1596 1996 1667 quid
2029 1593 2195 1648 facit?

614 1706 692 1760 Eo
729 1703 897 1759 tendit
922 1700 1175 1769 deinceps
1194 1740 1209 1765 ,
1237 1704 1296 1754 ut
1325 1696 1492 1750 victas
1532 1706 1721 1745 manus
1769 1688 1899 1743 dare
1925 1687 2191 1749 videatur,

612 1807 669 1852 et
702 1802 992 1865 martyrem
1020 1806 1089 1846 ex
1119 1789 1220 1843 hac
1243 1788 1349 1842 vita
1380 1782 1629 1865 subducit
1656 1798 1671 1836 :
1710 1796 1852 1835 mors
1882 1770 2025 1834 enim
2057 1792 2197 1831 mar-

616 1872 787 1960 tyrum
813 1860 996 1941 eorum
1022 1926 1036 1951 ,
1064 1882 1150 1953 qui
1180 1882 1322 1950 ipsos
1349 1860 1612 1939 enecant,
1637 1882 1721 1929 est
1749 1882 1953 1951 aperta
1978 1868 2194 1933 clades;

616 1993 800 2033 eorum
832 1984 1007 2029 autem
1030 2015 1045 2041 ,
1071 1973 1161 2043 qui
1189 1977 1466 2040 necantur,
1495 1967 1637 2021 clara
1682 1963 1924 2017 victoria.
1964 1960 2046 2015 Tu
2072 1974 2199 2014 vero

615 2070 742 2124 mihi
759 2067 1059 2128 considera,
1074 2076 1179 2133 quo
1196 2073 1349 2131 pacto
1371 2072 1572 2113 saevum
1597 2053 1861 2125 quoddam
1875 2060 1929 2106 et
1946 2050 2198 2106 acerbum

613 2172 781 2229 genus
802 2156 993 2211 mortis
1012 2155 1126 2221 ejus
1146 2134 1564 2219 excogitaverit,
1596 2144 1737 2214 quod
1768 2151 1823 2199 et
1844 2140 2055 2212 tyranni
2079 2154 2202 2195 cru-

615 2249 887 2308 delitatem
915 2258 971 2303 et
997 2244 1246 2316 martyris
1275 2232 1637 2297 fortitudinem
1676 2236 2043 2291 demonstrare
2071 2247 2200 2302 pos-

617 2351 721 2396 set.
763 2337 1061 2407 Quodnam.
1090 2333 1249 2403 igitur
1294 2328 1423 2385 illud
1477 2326 1725 2397 supplicii
1769 2325 1974 2395 genus?
2018 2322 2196 2397 Allato

618 2450 806 2499 sacco,
830 2440 886 2487 et
925 2444 1087 2485 arena
1115 2426 1413 2495 completo,
1443 2437 1563 2476 eum
1598 2421 1651 2474 in
1690 2434 1810 2472 eum
1855 2417 2164 2485 scorpiones
2184 2453 2197 2477 ,

619 2526 828 2595 viperas
868 2532 922 2579 et
949 2522 1210 2576 dracones
1240 2515 1509 2586 injecisset
1531 2554 1547 2579 ,
1577 2528 1699 2567 cum
1730 2510 1835 2565 illis
1875 2516 1931 2564 et
1952 2516 2195 2562 sanctum

620 2617 820 2687 injecit,
843 2622 896 2668 et
922 2602 975 2667 in
1002 2625 1149 2665 mare
1173 2606 1407 2663 demisit.
1431 2604 1560 2659 Erat
1584 2615 1712 2672 ergo
1736 2609 1938 2671 martyr
1965 2612 2086 2653 cum
2113 2595 2205 2651 be-

619 2708 739 2764 stiis
764 2716 835 2771 ,et
859 2716 1043 2759 rursus
1067 2716 1188 2756 cum
1223 2697 1409 2753 bestiis
1444 2692 1727 2750 conclusus
1754 2700 1870 2745 erat
1894 2690 1975 2743 vir
1989 2689 2161 2758 justus
2187 2702 2201 2739 :

621 2810 806 2853 rursus
832 2804 1008 2849 autem
1036 2791 1165 2857 dixi,
1188 2796 1247 2843 ut
1273 2795 1507 2842 veterem
1522 2783 1674 2838 vobis
1699 2782 1750 2835 in
1777 2779 2086 2835 memoriam
2114 2793 2204 2831 re-

622 2901 866 2941 vocarem
892 2883 960 2939 de
1009 2881 1222 2937 Daniele
1240 2876 1621 2933 narrationem.
1644 2873 1798 2928 Illum
1816 2870 2028 2941 quidem
2052 2868 2103 2923 in
2128 2869 2208 2923 ia-

620 2994 740 3031 cum
758 2976 1104 3037 incluserunt,
1123 2971 1261 3024 hunc
1272 2976 1448 3023 autem
1467 2968 1519 3020 in
1548 2979 1758 3019 saccum
1778 2962 2108 3032 iujecerunt:
2132 2960 2207 3013 illi

625 3080 733 3123 tum
758 3064 987 3135 lapidem
1015 3064 1402 3132 imposuerunt,
1435 3056 1521 3111 hic
1543 3070 1755 3111 saccum
1787 3052 2018 3116 censuit,
2047 3061 2104 3106 et
2123 3050 2209 3120 ju-

623 3169 706 3214 sto
725 3171 994 3213 carcerem
1016 3154 1374 3225 angustiorem
1390 3149 1586 3205 eil'ecit.
1603 3148 1671 3202 At
1687 3146 1879 3214 ubique
1901 3151 2207 3199 sanctorum

622 3266 845 3322 corpora
889 3249 1073 3305 bestiae
1106 3255 1438 3308 reverentur,
1470 3243 1520 3297 in
1552 3256 1735 3296 eorum
1766 3239 2109 3310 ignominiam
2156 3245 2211 3293 et

622 3342 1141 3406 condemnationem,
1171 3338 1257 3408 qui
1282 3352 1402 3391 cum
1433 3334 1641 3389 ratione
1689 3332 1793 3386 sint
1823 3329 1994 3384 ornati
2040 3339 2095 3384 et
2121 3332 2212 3382 hu-

625 3434 795 3491 manae
812 3444 1013 3488 natura:
1035 3430 1337 3487 conditione
1359 3426 1498 3496 digni
1518 3424 1703 3486 habiti,
1727 3423 1987 3478 ferimtem
2002 3420 2211 3476 illarum

626 3541 829 3581 summa
848 3539 942 3579 sua
963 3522 1287 3577 immanitate
1313 3526 1594 3587 superant:
1615 3513 1822 3584 qualem
1842 3511 1983 3566 hunc
2002 3524 2214 3580 quoque

629 3628 908 3690 tyrannum
931 3613 1095 3668 fuisse
1122 3609 1387 3680 conjicere
1412 3620 1711 3677 possumus.
1734 3601 1932 3657 Videre
1960 3607 2074 3655 erat
2098 3610 2213 3653 stu-

628 3707 858 3776 pendum
887 3701 1198 3758 miraculum
1223 3740 1239 3768 ,
1273 3713 1371 3754 nec
1402 3712 1468 3751 eo
1494 3695 1668 3750 minus
1694 3733 1710 3759 ,
1742 3691 1967 3762 quod-in
1997 3690 2214 3744 Dauiele

628 3798 865 3871 contigit.
914 3795 1049 3853 Nam
1097 3794 1233 3849 sient
1277 3806 1399 3846 cum
1450 3796 1571 3859 post
1618 3785 1814 3841 multos
1866 3783 1983 3838 dies
2017 3797 2048 3837 e
2095 3782 2214 3841 lacu

631 3893 842 3945 leonum
871 3885 1245 3940 ascendentem
1271 3881 1418 3935 illum
1446 3878 1722 3947 vidissent,
1749 3885 1859 3929 tum
1890 3873 2066 3927 mirati
2092 3881 2216 3927 sunt

632 3978 904 4052 Babylonii
957 3975 1117 4047 (Dan.
1148 3976 1206 4044 7)
1237 3972 1355 4026 :sic
1406 3980 1461 4025 et
1497 3969 1737 4034 animam
1773 3963 1987 4028 Julianl,
2019 3954 2147 4018 cum
2184 3977 2216 4018 e

638 4085 787 4126 sacco
809 4078 863 4124 et
892 4054 1136 4129 liuctilios
1155 4062 1528 4119 ascendentem
1550 4059 1603 4113 in
1635 4058 1821 4111 uelum
1849 4054 2089 4109 viderent
2118 4068 2214 4106 an-

632 4165 767 4237 geli,
798 4162 973 4217 mirati
1013 4167 1155 4213 sunt.
1192 4154 1372 4210 Daniel
1405 4153 1557 4206 binos
1595 4151 1778 4205 leones
1821 4146 2029 4216 subegit
2056 4160 2116 4199 ac
2142 4144 2219 4196 vir

633 4235 724 4320 cit,
747 4253 838 4309 sed
866 4249 1143 4307 sensibiles
1165 4267 1178 4301 :
1202 4247 1289 4301 hic
1313 4245 1522 4300 leonem
1548 4256 1708 4295 unum
1731 4280 1744 4303 ,
1772 4238 1863 4293 sed
1891 4235 2215 4306 spiritualcm

634 4346 845 4416 subegit
878 4358 942 4399 ac
970 4342 1116 4396 vicit.
1148 4339 1327 4394 llostis
1354 4337 1549 4407 quippe
1590 4342 1771 4387 noster
1799 4330 1920 4385 dial.
1934 4329 2042 4382 aius
2078 4336 2217 4382 tam-

637 4449 797 4506 quam
824 4436 908 4493 leo
931 4433 1145 4503 rugiens
1168 4428 1395 4493 circuit,
1421 4438 1665 4496 quaerens
1705 4437 1862 4491 quem
1894 4418 2110 4474 devoret
2142 4418 2217 4488 (l.

640 4528 751 4582 let.
783 4527 835 4582 5.
862 4523 917 4595 8)
945 4542 960 4577 :
995 4532 1049 4577 at
1078 4518 1383 4576 fortitudine
1412 4515 1658 4586 martyris
1687 4519 1966 4581 superatus
1985 4517 2100 4574 est,
2125 4524 2220 4564 ve-

639 4633 834 4674 nenum
896 4612 1157 4685 siquidem
1216 4607 1418 4680 peceati
1487 4605 1846 4675 deposuerat;
1899 4610 2223 4671 quapropter

641 4712 781 4766 hunc
808 4707 1026 4762 minime
1054 4696 1346 4766 devoravit;
1375 4697 1573 4753 idcirco
1599 4711 1697 4750 nec
1717 4695 1946 4757 leonem,
1972 4706 2071 4747 nec
2090 4692 2220 4745 iram

643 4801 927 4857 bestiarum
954 4791 1336 4850 reformidavit.

710 4891 765 4945 4.
793 4887 970 4942 Vultis
994 4892 1049 4941 et
1074 4884 1231 4938 aliam
1256 4878 1540 4952 quamdam
1567 4884 1803 4931 veterem
1830 4872 2059 4930 referam
2092 4887 2221 4926 nar-

636 4980 931 5043 rationem,
958 4976 1047 5031 ubi
1077 4981 1131 5029 et
1166 4972 1339 5044 justus
1367 4979 1421 5026 et
1440 4966 1664 5024 bestize?
1692 4965 1881 5020 Diluvii
1920 4964 2031 5019 Noe
2058 4971 2219 5033 atque

638 5089 778 5128 arcae
808 5066 1159 5126 recordamini
1190 5082 1204 5119 :
1235 5076 1344 5120 tum
1371 5062 1512 5118 enim
1539 5072 1749 5132 quoque
1766 5058 1940 5126 justus
1967 5067 2018 5114 et
2040 5058 2223 5112 besme

639 5165 797 5221 simul
821 5164 1057 5218 fuerunt.
1079 5161 1147 5216 At
1175 5156 1287 5214 Noe
1314 5155 1529 5227 quidem
1553 5154 1825 5223 ingressus
1849 5151 2009 5206 homo
2040 5159 2143 5216 est,
2168 5162 2223 5205 et

637 5268 889 5327 egressus
909 5261 991 5309 est
1020 5251 1202 5316 homo;
1227 5248 1471 5303 Julianus
1494 5255 1671 5301 autem
1700 5244 1975 5314 ingressus
2005 5241 2221 5326 quidem

639 5356 723 5401 est
744 5347 935 5408 homo,
969 5342 1061 5397 scd
1090 5339 1312 5410 angelus
1347 5348 1430 5393 est
1450 5350 1693 5418 egressus
1726 5351 1739 5388 :
1771 5333 1857 5389 ille
1882 5332 1949 5388 de
1973 5342 2111 5387 terra
2143 5333 2223 5387 in-

639 5449 853 5506 gressus
882 5441 982 5499 est,
1010 5442 1064 5487 et
1092 5434 1143 5485 in
1173 5441 1367 5486 terram
1411 5439 1494 5484 est
1518 5443 1703 5483 rursus
1730 5436 2007 5497 egressus;
2039 5426 2125 5480 hic
2153 5424 2221 5480 de

643 5538 783 5581 terra
811 5532 862 5578 in
892 5538 1104 5579 saccum
1133 5524 1403 5591 ingressus
1425 5529 1506 5574 est
1524 5560 1538 5584 ,
1568 5527 1622 5574 et
1662 5517 1728 5572 de
1769 5532 1926 5574 sacco
1954 5519 2005 5573 in
2031 5519 2219 5573 ccelum

644 5627 726 5673 est
749 5615 1036 5685 profectus.
1072 5613 1295 5683 Accepit
1335 5626 1456 5667 eum
1489 5626 1670 5678 mare,
1692 5623 1798 5666 non
1821 5618 1879 5665 ut
1915 5610 2220 5677 occideret,

643 5706 736 5762 scd
782 5715 841 5759 ut
882 5713 1201 5773 coronaret,
1232 5712 1285 5760 et
1335 5712 1455 5775 post
1495 5716 1745 5759 coronam
1768 5700 1939 5760 nobis
1980 5708 2217 5759 sanctam

3774 307 3883 363 673

2297 418 2450 473 istam
2482 434 2660 475 arcam
2693 421 2945 494 martyris
2968 433 3162 489 corpus
3192 418 3461 475 reddidit:
3493 416 3633 474 hanc
3653 419 3889 479 in_hune

2295 525 2463 581 usque
2503 510 2646 567 diem
2684 512 2979 567 retinemus
3002 553 3015 575 ,
3043 527 3163 582 qua:
3201 522 3573 567 scxcentorum
3617 511 3889 567 bonorum

2294 614 2377 658 est
2408 604 2709 661 thesaurus.
2730 604 2940 660 Etenim
2962 613 3224 676 martyres
3246 605 3521 658 nobiscum
3551 603 3695 658 Deus
3720 605 3893 673 parti-

2298 705 2383 751 tus
2411 705 2492 750 est
2522 713 2537 751 :
2562 711 2686 765 cum
2731 697 2936 750 animas
2957 696 3060 750 sibi
3100 695 3453 764 sumpsisset,
3476 708 3700 764 corpora
3728 693 3892 749 nobis

2294 787 2691 858 quodammodo
2717 789 2937 860 largitus
2961 797 3077 852 est,
3104 798 3162 843 ut
3200 797 3471 858 perpetua:
3510 788 3724 843 virtutis
3765 803 3893 842 mo-

2296 891 2548 935 numenta
2578 889 2761 938 sancta
2795 880 2980 935 horum
3009 894 3129 935 ossa
3156 888 3451 934 teneamus.
3481 878 3615 933 Nam
3645 878 3691 935 si
3718 878 3893 934 bella-

2297 973 2429 1027 toris
2448 987 2596 1026 arma
2613 980 2889 1027 cruentata
2916 972 3035 1041 quis
3057 986 3287 1026 cernens
3302 1010 3316 1034 ,
3340 970 3607 1041 clypeum,
3634 970 3851 1027 hastam
3878 1010 3896 1037 ,

2295 1072 2350 1119 et
2368 1065 2609 1129 loricam,
2640 1064 2767 1121 licet
2801 1065 3039 1118 omnium
3066 1065 3133 1117 sit
3158 1063 3552 1134 ignavissimus,
3578 1065 3763 1118 statim
3792 1080 3891 1120 ex-

2297 1154 2423 1220 silit,
2454 1154 2773 1220 exardescit,
2802 1163 2858 1210 et
2885 1154 2952 1209 ad
2978 1153 3174 1208 bellum
3203 1162 3479 1224 promptus
3497 1155 3639 1220 exit,
3662 1163 3830 1223 atque
3859 1170 3891 1207 a

2296 1244 2585 1317 conspectu
2613 1262 2883 1301 armorum
2909 1246 3071 1300 sumit
3090 1245 3326 1300 animum
3345 1286 3360 1311 ,
3390 1254 3448 1299 ut
3470 1245 3685 1300 easdem
3716 1246 3893 1301 actio-

2299 1340 2394 1396 nes'
2419 1340 2756 1411 aggrediatur
2784 1356 2797 1391 :
2822 1353 2920 1393 nos
2945 1339 3033 1408 qui
3063 1352 3166 1393 non
3189 1352 3358 1403 arma,
3376 1336 3469 1391 sed
3495 1350 3689 1406 corpus
3710 1337 3891 1411 ipsum

2298 1434 2564 1487 cernimus
2608 1433 2813 1499 sancti,
2842 1431 2982 1503 quod
3024 1431 3242 1501 dignum
3291 1429 3534 1486 habitum
3562 1438 3775 1497 est,ut
3817 1430 3894 1485 ob

2297 1524 2492 1578 Christi
2529 1523 2917 1578 confessionem
2962 1530 3347 1585 cruentaretur,
3379 1521 3503 1576 licet
3543 1522 3786 1577 omnium
3816 1522 3894 1578 si-

2301 1630 2418 1669 mus
2459 1613 2779 1669 timidissimi
2805 1613 2934 1684 ,qui
2983 1627 3266 1682 possumus
3310 1626 3421 1666 non
3466 1622 3717 1684 prompto
3764 1627 3894 1669 esse

2300 1708 2500 1773 animo,
2528 1722 2648 1762 cum
2673 1706 2759 1761 hic
2782 1716 3029 1775 aSpectus
3053 1706 3200 1760 velut
3228 1703 3366 1774 ignis
3391 1703 3605 1775 quidam
3638 1706 3690 1759 in
3738 1720 3895 1760 men-

2303 1809 2407 1854 tem
2446 1807 2681 1852 nostram
2710 1796 2941 1862 incidat,
2968 1798 3021 1850 et
3047 1796 3115 1849 ad
3144 1795 3287 1851 idem
3311 1810 3411 1851 nos
3448 1804 3720 1850 certamen
3749 1794 3895 1850 invi-

2302 1891 2414 1944 tet?
2440 1889 2728 1958 Pmpterea
2755 1897 3062 1960 sanctorum
3089 1902 3317 1957 corpora
3356 1902 3526 1956 usque
3568 1886 3637 1941 ad
3677 1897 3896 1956 tempus

2302 1979 2710 2034 resurrectionis
2750 1978 2889 2048 apud
2937 1992 3034 2033 nos
3060 1978 3309 2047 deposuit
3345 1978 3520 2042 Dens,
3550 1984 3610 2031 ut
3641 1978 3897 2033 maxima:

2304 2070 2651 2142 philosophiae
2696 2073 2973 2124 materiam
3018 2069 3359 2125 haberemus.
3408 2066 3895 2122 Verumenimvero

2304 2180 2373 2219 ne
2411 2163 2659 2235 martyris
2697 2144 2883 2218 laudes
2920 2163 3115 2230 linguae
3154 2169 3350 2215 nostra:
3390 2158 3757 2214 imbecillitate
3789 2158 3897 2211 mi-

2305 2262 2559 2319 nuantur,
2615 2252 2709 2308 sed
2762 2250 3138 2321 agonmhetam
3195 2250 3364 2304 Deum
3408 2256 3724 2319 exspectent
3757 2266 3771 2302 :
3799 2248 3897 2318 qui

2303 2360 2397 2400 eos
2446 2354 2698 2408 coronat,
2754 2344 2845 2398 ille
2886 2352 2941 2397 et
2995 2340 3338 2396 collaudabit.
3412 2339 3553 2394 Laus
3615 2338 3761 2393 enim
3802 2353 3903 2394 eo-

2304 2453 2421 2492 rum
2451 2452 2556 2491 non
2582 2452 2647 2491 ex
2694 2428 2997 2489 hominibus
3036 2442 3118 2488 est
3141 2474 3154 2495 ,
3188 2431 3281 2488 sed
3303 2447 3369 2488 ex
3394 2432 3521 2497 Deo;
3548 2447 3671 2486 nam
3699 2440 3757 2487 et
3780 2432 3902 2486 haec

2307 2522 2625 2595 ipsa,qu:e
2672 2524 2940 2588 diximus,
2996 2538 3100 2577 non
3146 2532 3205 2576 ut
3254 2522 3598 2577 illustriorem
3635 2520 3901 2576 reddere-

2308 2631 2428 2670 mus
2459 2625 2746 2686 martyrem
2768 2655 2783 2681 ,
2813 2614 3067 2682 diximus,
3094 2612 3189 2669 sed
3222 2621 3280 2668 ut
3310 2627 3405 2668 vos
3431 2613 3791 2684 promptiores
3814 2610 3900 2666 ef-

2307 2705 2607 2762 ficeremus.

2380 2797 2597 2854 Horatia
2620 2798 2923 2853 exhortatio.
3059 2796 3169 2854 Nos
3198 2812 3348 2865 vero,
3376 2795 3620 2860 laudibus
3637 2794 3857 2849 omissis
3876 2828 3894 2858 ,

2308 2904 2524 2945 omnem
2547 2888 2613 2942 ad
2643 2904 2739 2944 vos
2779 2889 3076 2945 orationem
3106 2899 3487 2943 convert-imus
3522 2905 3535 2941 :
3561 2887 3691 2957 quin
3722 2886 3903 2956 potius

2311 2989 2604 3056 martyrum
2628 2979 2813 3036 laudes
2844 2994 2949 3035 non
2977 2989 3202 3049 possunt
3238 2978 3409 3031 omitti
3435 3019 3449 3044 ,
3483 2991 3603 3031 eum
3634 2977 3687 3031 in
3716 2976 3899 3032 ecclee

2312 3072 2389 3127 sia
2414 3064 2532 3141 quis
2561 3070 2628 3126 de
2664 3070 2824 3126 rebus
2863 3069 3081 3125 utilibus
3107 3068 3267 3122 verba
3310 3068 3452 3121 facit.
3500 3066 3608 3121 Sed
3655 3068 3899 3121 animum

2312 3163 2613 3218 advertite:
2644 3176 2863 3231 pravam
2894 3161 3036 3215 enim
3075 3168 3129 3214 et
3155 3161 3502 3214 inveteratam
3545 3159 3901 3216 consuetudi-

2314 3268 2433 3309 nem
2455 3253 2772 3309 exscindere
2818 3254 2975 3308 statui
3008 3252 3265 3307 hodierno
3290 3251 3397 3316 die,
3423 3259 3480 3305 ut
3502 3265 3605 3304 non
3635 3253 3812 3306 solum
3833 3251 3905 3305 ad

2314 3356 2575 3417 martyres
2604 3344 2921 3400 accedamus
2944 3385 2959 3411 ,
2992 3342 3084 3397 sed
3124 3342 3283 3396 etiam
3310 3349 3576 3412 martyres
3602 3340 3902 3395 imitemur.

2318 3436 2497 3493 Hunos
2540 3437 2735 3507 quippe
2783 3444 3076 3506 martyrum
3110 3443 3225 3499 est,
3258 3447 3363 3485 non
3392 3433 3435 3485 si
3465 3430 3530 3485 ad
3571 3446 3667 3486 eos
3697 3440 3907 3486 tantum

2317 3528 2697 3599 procedamus,
2730 3527 2823 3583 sed
2851 3543 2958 3597 pra:
3005 3527 3108 3580 hoc
3149 3526 3196 3580 si
3245 3522 3609 3580 fortitudinem
3660 3523 3907 3593 ipsorum

2317 3620 2649 3674 temulemur.
2676 3617 3029 3684 Quamobrem
3075 3615 3223 3685 prius
3266 3614 3581 3684 exponenda
3609 3623 3695 3669 est
3742 3629 3908 3684 prava

2319 3714 2420 3767 ista
2454 3709 2786 3767 consuetudo
2820 3724 2988 3778 :nam
3026 3709 3209 3778 ignoto
3271 3707 3460 3761 morbo
3491 3706 3643 3759 facile
3684 3720 3791 3759 non
3823 3714 3911 3760 est

2318 3803 2575 3859 adhibere
2591 3800 2910 3857 medicinam
2930 3819 2944 3855 :
2965 3800 3084 3855 ideo
3100 3798 3291 3854 vulnus
3311 3800 3458 3868 prius
3473 3798 3685 3866 detego,
3709 3796 3910 3851 deinde

2318 3897 2766 3952 medicamentum
2787 3908 3017 3963 appono.
3040 3893 3293 3959 Quaenam
3327 3892 3487 3961 igitur
3514 3890 3602 3944 illa
3630 3898 3715 3944 est
3741 3904 3910 3958 prava

2319 3987 2691 4043 consuetudo?
2715 3984 2964 4041 Nonnulli
2986 4000 3168 4041 eorum
3195 4026 3209 4051 ,
3235 3985 3324 4053 qui
3358 3985 3443 4038 hic
3484 3982 3643 4037 hodie
3685 3998 3913 4053 congre~

2321 4083 2427 4152 gati
2459 4081 2767 4150 sunt(absit
2792 4079 2933 4136 enim
2966 4088 3019 4134 ut
3048 4065 3523 4133 totarn'Ecclesiam
3561 4076 3789 4130 crimine
3816 4076 3916 4129 tali

2323 4172 2716 4245 condemnem),
2739 4188 2845 4241 pra:
2868 4171 3111 4226 socordia
3129 4170 3352 4241 quadam
3383 4183 3443 4222 ac
3460 4169 3803 4236 simplicitate
3825 4168 3916 4222 die

2324 4266 2576 4332 crastino,
2604 4262 2875 4318 derelictis
2901 4261 3077 4328 nobis,
3109 4261 3360 4330 Daphnen
3385 4258 3459 4331 ()
3493 4268 3821 4329 properant,
3852 4267 3914 4312 ut

2324 4372 2441 4426 qua:
2462 4356 2777 4424 collegimus
2806 4353 2995 4419 hodie,
3034 4367 3155 4407 cras
3178 4351 3451 4407 effundant
3475 4389 3491 4414 ,
3517 4361 3571 4405 et
3597 4365 3716 4419 qua:
3744 4350 3914 4405 aedifi-

2325 4450 2595 4514 cavimus,
2628 4448 2926 4502 destruant.
2976 4446 3054 4505 Ne
3103 4446 3260 4515 igitur
3302 4444 3503 4513 absque
3559 4443 3737 4498 fructu
3789 4443 3914 4499 huic

2326 4541 2567 4596 concioni
2614 4537 2985 4603 interfueriut,
3015 4536 3103 4591 ubi
3152 4536 3218 4591 de
3261 4535 3343 4591 his
3383 4549 3547 4603 pauca
3593 4534 3917 4589 disserueri-

2327 4646 2446 4685 mus
2470 4672 2485 4697 ,
2517 4630 2745 4685 orationi
2779 4630 2936 4683 finem
2986 4628 3336 4695 imponemus.
3385 4624 3521 4691 Quid
3558 4639 3742 4695 quaeso
3786 4638 3915 4694 pro-

2328 4737 2481 4791 peras
2509 4722 2573 4776 ad
2601 4720 2912 4776 suburbium
2945 4720 3213 4775 civitatis?
3245 4719 3379 4773 licce
3418 4716 3734 4771 suburbium
3759 4716 3917 4771 Jeru-

2329 4812 2494 4866 salem
2526 4812 2666 4865 illius
2686 4854 2699 4877 ,
2738 4825 2856 4880 qure
2886 4823 3097 4864 sursum
3132 4817 3233 4872 est;
3265 4823 3391 4863 ecce
3412 4808 3631 4875 Daphne
3656 4807 3916 4877 spiritua-

2328 4904 2393 4958 lis
2422 4921 2436 4958 :
2460 4904 2565 4958 illic
2591 4902 2765 4957 fontes
2794 4916 3085 4972 aquarum,
3120 4900 3205 4955 hic
3232 4898 3411 4954 fontes
3431 4908 3562 4953 Sunt
3582 4908 3914 4972 martyrum:

2327 4997 2438 5052 illic
2481 4997 2721 5067 cupressi
2744 4995 2988 5049 arbores
3013 4992 3242 5046 infructu
3280 5008 3354 5047 sa:
3375 5033 3388 5055 ,
3418 4991 3503 5045 hic
3531 4990 3770 5058 reliquia:
3793 5006 3914 5046 san-

2328 5102 2535 5145 ctorum
2561 5099 2684 5145 sunt
2711 5104 2773 5144 ac
2798 5088 3003 5144 radices
3030 5086 3083 5141 in
3114 5097 3250 5141 terra
3283 5087 3552 5155 plantatze,
3582 5097 3703 5152 qua:
3736 5099 3918 5137 ramos

2328 5183 2381 5237 in
2409 5182 2597 5237 caelum
2624 5181 2971 5251 protendunt.
3006 5179 3167 5233 Visne
3193 5193 3464 5233 ramorum
3494 5177 3653 5230 etiam
3681 5175 3915 5229 istorum

2327 5272 2558 5329 fructum
2588 5272 2819 5328 intueri?
2845 5270 3006 5341 Aperi
3043 5270 3229 5326 oculos
3258 5268 3413 5334 fidei,
3448 5277 3557 5322 tum
3590 5267 3767 5322 subito
3818 5265 3918 5319 mi-

2327 5367 2572 5431 rabilium
2601 5365 2693 5421 tibi
2718 5365 2983 5421 fruetuum
3012 5372 3253 5417 naturam
3281 5360 3588 5416 ostendam.
3629 5359 3746 5414 Non
3770 5358 3913 5414 enim

2330 5474 2632 5529 pomorum,
2663 5466 2753 5513 aut
2774 5470 2988 5521 nucum,
3018 5470 3117 5510 nec
3139 5453 3279 5507 aliud
3300 5451 3550 5523 quiddam
3583 5465 3769 5506 eorum
3796 5465 3912 5513 qua

2327 5560 2743 5622 corrumpuntur
2900 5557 3156 5618 pereunt,
3206 5560 3474 5600 ramorum
3664 5541 3914 5597 fructus:

2391 5709 2466 5775 ()
2500 5708 2695 5773 Daphne
2720 5709 2769 5757 in
2784 5718 2903 5771 agro
2923 5704 3180 5756 antiochiae
3200 5702 3499 5755 suburbano.
