4084 6458
630 389 737 446 675
1312 384 1369 440 8.

630 500 728 555 καὶ
758 496 1167 569 ἁμαρτημάτων
1227 496 1568 569 συγχώρησις
1593 537 1607 561 ,
1641 499 1839 561 κακίας
1894 498 2191 567 ἀναίρεσις,

629 582 948 652 νοσημάτων
968 580 1143 649 ψυχῆς
1176 580 1459 651 Θεραπεία,
1480 582 1612 651 εὐχὴ
1640 579 1882 649 ἐκτενὴς,
1918 578 2196 651 παρρησία

630 664 767 734 πρὸς
794 661 945 725 Θεὸν,
976 662 1154 717 πάντα
1174 664 1536 733 πνευματικά,
1558 664 1652 716 καὶ
1671 662 1936 732 οὐρανίων
1959 663 2194 732 γέμοντα

628 743 867 813 ἀγαθῶν.
892 740 1049 799 Οὗτοι
1070 747 1119 799 οί
1144 746 1345 815 καρποὶ
1366 746 1453 799 ἀεὶ
1477 744 1818 816 τρυγώμενοι
1835 744 1923 798 ἀεὶ
1948 744 2191 814 βρύουσι,

628 827 723 879 καὶ
746 825 1003 879 οὐδέποτε
1036 824 1186 898 [678]
1224 825 1660 896 ἀπολιμπάνουσι
1686 828 1814 885 τοὺς
1845 824 2077 887 οίκείους
2099 825 2196 877 αύ-

625 906 734 960 τῶν
761 907 1057 983 γεωργούς.
1089 906 1195 959 Καὶ
1224 906 1294 959 τὰ
1328 906 1427 977 μὲν
1460 908 1553 960 ἐπὶ⁵
1591 908 1694 977 γῆς
1725 906 1966 976 φυόμενα
2003 906 2194 977 δένδρα

626 987 775 1055 ἅπαξ
810 988 906 1041 τοῦ
937 986 1183 1041 ἐνιαυτοῦ
1206 987 1390 1042 δίδωσι
1417 987 1517 1059 τὴν
1548 988 1740 1058 φοράν,
1758 987 1863 1040 κᾶν
1894 988 1968 1057 μὴ
1988 988 2195 1058 τρυγή-

626 1085 746 1139 σῃς,
785 1069 1082 1139 ἐπιστάσης
1106 1069 1204 1139 τῆς
1230 1068 1381 1140 ὥρας
1407 1068 1502 1121 τοῦ
1522 1067 1789 1140 χειμῶνος
1813 1069 2075 1122 ἀπόλλυσι
2096 1069 2193 1140 τὴν

622 1152 827 1205 οἰκείαν
843 1152 1197 1224 εὐπρέπειαν,
1225 1151 1583 1222 φθειρομένου
1608 1150 1704 1204 τοῦ
1735 1151 1951 1221 καρποῦ
1973 1152 2067 1205 καὶ
2093 1167 2194 1204 κα-

620 1224 1183 1303 ταρρέοντοςονταῦτα
1226 1232 1286 1285 δὲ
1330 1232 1392 1285 οὐ
1422 1232 1667 1303 χειμῶνα
1695 1227 1856 1296 οἶδεν,
1902 1233 1962 1285 ού
2012 1231 2190 1303 θέρος,

618 1314 719 1368 οὐκ
742 1313 1188 1386 ἀνάγκῃνκαιρῶν
1215 1313 1519 1377 ὑπόκειται,
1549 1314 1671 1367 οὐδὲ
1717 1313 1832 1366 ἐστι
1863 1311 2047 1384 γυμνά
2082 1312 2191 1367 τῶν

618 1396 844 1466 καρπῶν
876 1395 1018 1451 αύτά
1043 1396 1153 1449 τῶν
1171 1396 1389 1449 οἰκείων
1411 1396 1561 1461 ίδεῖν,
1596 1395 1733 1448 ἀλλά
1758 1394 1846 1447 διά
1876 1393 2073 1458 παντὸς
2098 1396 2191 1447 ἐπὶ

616 1477 717 1546 τῆς
748 1479 916 1549 αὐτῆς
943 1479 1173 1550 ἕστηκεν
1206 1477 1541 1549 εὐπρεπείας
1561 1479 1705 1548 ὀὐχ
1740 1478 1968 1532 ἅπτεται
2008 1475 2190 1530 αὐτῶν

617 1559 814 1630 φθορὰ,
836 1560 956 1613 οὐδὲ
988 1561 1256 1631 μεταϐολὴ
1284 1559 1513 1631 καιρῶν.
1550 1561 1714 1613 Πόσοι
1742 1560 1892 1628 γοῦν,
1939 1558 1999 1624 ἐξ
2037 1552 2097 1611 οὗ
2127 1560 2189 1613 τὸ

619 1640 773 1712 σῶμα
818 1643 1084 1713 ἐφυτεύθη
1123 1643 1280 1696 τοῦτο
1325 1645 1386 1696 ἐν
1417 1647 1483 1715 τῇ
1522 1645 1614 1713 γῇ,
1652 1643 1849 1714 μυρίας
1884 1642 2189 1714 ἐτρύγησαν

618 1723 789 1787 ιάσεις
807 1724 916 1777 ἀπὸ
942 1725 1040 1796 τῆς
1060 1725 1220 1793 ἀγίας
1243 1725 1445 1794 ταύτης
1471 1724 1664 1794 θήκης,
1688 1726 1784 1778 καὶ
1812 1725 1915 1777 οὐκ
1933 1724 2188 1779 ἐπέλιπεν

612 1804 642 1855 6
673 1805 918 1875 καρπός·
946 1806 1196 1877 ἐθέρισαν
1228 1807 1296 1859 τά
1322 1806 1471 1876 λήῖα,
1507 1806 1602 1858 καὶ
1644 1806 1743 1858 οὑκ
1773 1805 2187 1876 ἐδαπανήθησαν

611 1888 664 1941 οί
691 1887 948 1958 στάχυεςσ
998 1888 1269 1959 ἡντλησαν
1315 1888 1411 1951 τὰς
1437 1889 1644 1959 πηγὰς,
1695 1889 1790 1942 καὶ
1819 1888 2184 1959 ούκέκενώθη

611 1968 683 2021 τὰ
712 1969 950 2039 νάματα,
977 1969 1112 2022 ἀλλά
1138 1970 1367 2040 συνεχής
1394 1969 1476 2034 τίς
1498 1973 1646 2023 ἐστιν
1670 1971 1705 2039 ἡ
1738 1969 1968 2041 ἐπιρροὴ
1985 2008 2000 2033 ,
2034 1970 2187 2023 οὐδέ-

612 2067 744 2105 ποτε
775 2052 1231 2122 ἐπιλιμπάνουσα,
1256 2052 1393 2106 ἀλλά
1426 2051 1523 2105 τοῦ
1561 2052 1888 2122 κενουμένου
1921 2052 2080 2106 πλέον
2100 2053 2186 2105 ἀεὶ

610 2132 927 2204 παρέχουσα
952 2134 1018 2188 τὸ
1048 2134 1347 2197 ἀναϐλύζον
1369 2133 1572 2203 θαῦμα.
1607 2133 1682 2187 Ού
1710 2132 1963 2203 θαύματα
1991 2134 2048 2187 δὲ
2089 2134 2185 2205 μό-

613 2232 701 2269 νον
732 2216 1044 2284 ἐργάζεται,
1077 2215 1212 2269 ἀλλά
1259 2216 1354 2269 καὶ
1385 2214 1693 2284 φιλοσοφεῖν
1741 2214 1937 2269 πείθει.
1996 2216 2096 2268 Ἂν
2126 2233 2186 2269 τε

610 2295 720 2368 γὰρ
752 2297 1004 2360 πλούσιος
1022 2293 1110 2370 ᾖς,
1134 2297 1228 2374 καὶ
1255 2296 1684 2367 μεγαλοφρονῇς,
1703 2297 1797 2351 καὶ
1828 2297 2187 2366 φλεγμαίνου-

612 2394 712 2433 σαν
729 2378 857 2449 ἔχῃς
878 2380 975 2449 τὴν
990 2378 1188 2449 ψυχὴν,
1208 2377 1375 2431 ἐλθὼν
1393 2376 1648 2439 ἐνταῦθα,
1671 2380 1765 2430 καὶ
1790 2376 1912 2430 ίδὼν
1928 2379 2019 2431 τὸν
2039 2381 2184 2450 μάρ-

609 2478 771 2532 cupa,
798 2463 892 2516 καὶ
923 2462 984 2515 τὸ
1014 2464 1176 2532 μέσον
1202 2461 1555 2530 λογισάμενος
1575 2459 1669 2512 τοῦ
1702 2459 1795 2512 σοῦ
1822 2460 2075 2525 πλούτου,
2091 2463 2186 2517 καὶ

609 2545 710 2614 τῆς
740 2546 929 2598 τούτου
958 2545 1293 2615 περιουσίας,
1324 2541 1671 2605 καταστελεῖς
1698 2541 1900 2606 εὐθέως
1927 2542 1987 2596 τὸ
2010 2542 2184 2615 φύση-

612 2644 709 2696 μα,
738 2628 832 2680 καὶ
858 2628 956 2698 τὴν
990 2626 1295 2697 φλεγμονὴν
1315 2623 1651 2694 ἀποθέμενος
1669 2624 1945 2695 ἀπελεύσῃ
1984 2625 2184 2698 πολλὴν

609 2709 747 2778 έχων
771 2709 977 2776 ὑγίειαν
1005 2711 1062 2763 ἐν
1091 2711 1159 2779 τῇ
1191 2707 1365 2778 ψυχῇ·
1404 2707 1470 2761 άν
1496 2722 1554 2759 τε
1608 2705 1776 2775 πένης
1806 2706 1900 2759 καὶ
1947 2706 2182 2763 εὐκατα-

610 2791 876 2862 φρόνητος
902 2787 1039 2844 εἶναι
1069 2790 1313 2861 νομίσῃς,
1337 2788 1506 2841 ἐλθὼν
1542 2787 1636 2862 καὶ
1677 2787 1799 2841 ίδὼν
1830 2789 1921 2842 τὸν
1957 2790 2184 2843 πλοῦτον

608 2858 701 2926 τοῦ
745 2858 1038 2944 μάρτυρος,
1072 2858 1165 2925 καὶ
1204 2858 1583 2938 καταγελάσας
1619 2869 1727 2922 τῶν
1748 2872 2045 2941 χρημάτων
2076 2872 2184 2927 τῶν

608 2956 825 3021 ἔξωθεν,
860 2955 1032 3020 οὕτως
1057 2955 1430 3024 ἀναχωρήσεις
1450 2952 1653 3021 πολλῆς
1681 2955 1875 3006 σαυτὸν
1898 2955 2183 3025 ἐμπλήσας

608 3038 942 3108 φιλοσοφίας,
972 3036 1074 3090 κᾶν
1101 3034 1373 3107 ἐπήρειαι,
1406 3034 1510 3088 κᾶν
1533 3034 1751 3105 ζημίαι,
1795 3034 1897 3089 κᾶν
1923 3038 2183 3107 μάστιγες

607 3120 1001 3191 ἐπενεχθῶσιν·
1033 3117 1176 3182 ἰδὼν,
1215 3120 1296 3170 ὅτι
1327 3116 1538 3169 οὐδέπω
1559 3120 1795 3173 τοσαῦτα
1834 3118 2053 3184 ἔπαθες,
2082 3111 2184 3176 ὅσα

607 3207 636 3255 6
666 3204 875 3273 μάρτυς
894 3195 1047 3265 οὗτος
1073 3200 1103 3252 6
1133 3199 1307 3269 ἀγιος,
1344 3200 1536 3269 ἱκανὴν
1566 3199 1726 3252 πάλιν
1756 3199 1901 3272 λήψῃ
1926 3217 2185 3272 παραμυ-

608 3285 727 3337 θίαν
757 3284 1027 3339 ἐντεῦθεν.
1070 3278 1222 3345 Εἶδες
1256 3277 1361 3334 οἷοι
1390 3282 1440 3333 οἱ
1468 3283 1669 3351 καρποὶ
1696 3282 1805 3335 τῶν
1847 3281 2016 3352 ῥιζῶν
2054 3284 2181 3337 τού-

606 3384 749 3433 των;
780 3366 899 3431 πῶς
941 3366 1243 3431 ἀνάλωτοι;
1275 3363 1393 3427 πῶς
1420 3364 1779 3433 πνευματικοί
1798 3382 1812 3430 ;
1860 3366 1975 3429 πῶς
2010 3367 2180 3437 αὐτῆς

557 3516 577 3528 ⁷
606 3449 867 3503 ἅπτονται
899 3448 995 3518 τῆς
1020 3447 1233 3517 ψυχῆςς
1272 3446 1347 3500 Οὐ
1369 3446 1564 3499 κωλύω
1587 3447 1842 3502 ἀπελθεῖν
1864 3450 1941 3511 είς
1962 3450 2022 3502 τὸ
2050 3466 2182 3522 προ-

605 3534 854 3598 άστειον,
909 3532 1021 3585 ἀλλ’
1078 3529 1266 3601 αῦριον
1300 3529 1512 3583 κωλύω’
1553 3529 1695 3595 τίνος
1727 3532 1943 3596 ἐνεκεν;
2001 3533 2116 3587 Ἵνα
2147 3536 2179 3603 ή

606 3614 793 3685 τέρψις
822 3614 897 3685 μὴ
918 3614 1015 3685 έχῃ
1045 3614 1408 3681 κατάγνωσιν,
1427 3612 1514 3667 ἴνα
1538 3613 1753 3685 καθαρά
1835 3616 1868 3683 ἡ
1890 3614 2069 3685 ἡδονὴ,
2104 3616 2179 3687 μὴ

606 3697 899 3769 ύπεισέλθῃ
933 3708 957 3737 ι
988 3696 1045 3748 δὲ
1092 3697 1126 3766 ή
1160 3695 1502 3764 κατάγνωσις
1525 3712 1539 3725 ⁸
1599 3698 1693 3749 καὶ
1740 3695 1849 3768 γὰρ
1882 3697 2088 3761 έξεστιν
2123 3701 2179 3752 ἐν

605 3779 740 3850 ἀλλῃ
759 3778 940 3850 ἡμέρα
966 3778 1061 3831 καὶ
1078 3780 1143 3848 τῇ
1170 3778 1357 3850 τέρψει
1377 3777 1729 3849 χαρίσασθαι,
1748 3781 1842 3831 καὶ
1870 3779 1969 3847 τῆς
2000 3781 2181 3853 ἀμαρ-

604 3861 723 3924 τίας
750 3860 1150 3931 ἀπαλλαγῆναι.
1180 3861 1245 3913 Εί
1264 3861 1318 3913 δὲ
1341 3859 1518 3929 βούλει
1540 3861 1635 3913 καὶ
1654 3859 1749 3931 νῦν
1778 3860 2022 3931 τέρψεως
2044 3865 2181 3917 ἀπο-

605 3944 823 4028 λαῦσαι,
849 3943 901 3995 τί
933 3943 1291 4013 τερπνότερον
1329 3941 1422 3995 τοῦ
1446 3925 1969 4012 συλλόγου’τούτου;
2004 3948 2058 3999 τί
2082 3964 2179 4017 χα-

607 4023 879 4097 ριέστερον
910 4024 1004 4077 τοῦ
1039 4025 1263 4095 θεάτρου
1294 4023 1389 4077 τοῦ
1414 4026 1820 4093 πνευματικοῦ;
1860 4026 1966 4081 τῶν
2000 4028 2178 4099 μελῶν

604 4107 713 4160 τῶν
742 4107 876 4174 σῶν;
904 4107 1006 4176 τῆς
1022 4106 1134 4159 τῶν
1155 4106 1397 4174 ἀδελφῶν
1426 4108 1748 4177 συνουσίκς;
1780 4109 1936 4164 Ἀλλά
1958 4113 2051 4163 καὶ
2075 4129 2179 4164 σω-

608 4191 841 4260 ματικῆς
871 4189 1046 4254 θέλεις
1069 4189 1346 4261 τραπέζης
1378 4194 1695 4261 μετασχεῖν;
1728 4191 1962 4245 ἐνταῦθα
2003 4193 2176 4257 ἔξεστι

608 4273 744 4343 μετὰ
771 4272 832 4325 τὸ
856 4273 1082 4345 λυθῆναι
1103 4273 1195 4327 τὸν
1232 4273 1508 4341 σύλλογον,
1568 4276 1661 4327 τοῦ
1701 4275 2001 4346 μαρτυρίου
2026 4275 2178 4346 ’πλη-

607 4358 719 4410 σίον
746 4356 849 4409 ὑπὸ
876 4358 1044 4426 συκῆν
1094 4357 1187 4410 καὶ
1237 4357 1478 4427 ἄμπελον
1530 4357 1913 4415 καταλύσαντι.
1955 4357 2050 4411 καὶ
2098 4357 2177 4428 τῷ

607 4441 817 4508 σώματι
849 4438 1175 4509 χαρίσασθαι
1190 4440 1287 4509 τὴν
1312 4439 1517 4504 ἄνεσιν,
1538 4441 1631 4492 καὶ
1650 4440 1711 4513 το
1738 4439 1975 4503 συνειδὸς
1998 4440 2174 4493 ἀπαλ-

603 4522 761 4586 λάξαι
800 4519 1218 4589 καταγνώσεως.
1262 4522 1320 4573 '0
1346 4520 1454 4591 γὰρ
1480 4521 1688 4591 μάρτυς
1715 4521 1941 4590 ἐγγύθεν
1966 4522 2175 4593 ὁρώμε-

604 4621 691 4667 νος
717 4602 811 4657 κα)⁵
837 4602 1063 4673 πλησίον
1098 4600 1173 4657 ὣν
1211 4602 1306 4655 καὶ
1356 4603 1721 4673 παρεστηκὼς
1767 4604 1902 4674 αὐτῇ
1943 4607 2009 4673 τῇ
2046 4621 2175 4674 τρα-

602 4686 765 4759 πέζῃ,
790 4685 893 4739 οὐκ
920 4686 1114 4755 ἀφίησι
1150 4684 1248 4754 τὴν
1283 4684 1474 4755 ἡδονὴν
1514 4688 1594 4748 είς
1626 4686 1895 4756 ἁμαρτίαν
1938 4687 2172 4757 ἐκχυθῆ-

602 4786 711 4833 ναι,
744 4767 860 4821 ἀλλ’
889 4767 1077 4837 ὥσπερ
1123 4784 1208 4830 τις
1253 4766 1612 4835 παιδαγωγὸς,
1662 4768 1697 4837 ἢ
1730 4768 1911 4839 πατὴρ
1953 4768 2172 4838 ἄριστος

600 4853 711 4914 τοῖς
738 4851 835 4921 τῆς
860 4850 1095 4911 πίστεως
1115 4849 1388 4920 ὁρώμενος
1410 4849 1703 4919 ὀφθαλμοῖς
1720 4850 2066 4903 καταστέλλει
2080 4851 2171 4904 τὸν

600 4934 833 5002 γέλωτα,
868 4933 1186 5004 περικόπτει
1210 4932 1309 4995 τὰς
1325 4932 1515 5002 ήδονάς
1529 4930 1626 4995 τάς
1650 4932 1902 4996 ἀτόπους,
1930 4932 1998 4986 τά
2021 4950 2171 5004 σκιρ-

600 5019 819 5087 τήματα
848 5016 947 5086 τῆς
977 5015 1179 5086 σαρκὸς
1212 5014 1425 5068 ἅπαντα
1456 5015 1685 5086 ἀναιρεῖ,
1736 5014 1880 5084 άπερ
1927 5016 2041 5068 ἐκεῖ
2070 5018 2171 5068 οὐκ

542 5108 553 5116 ·
600 5099 717 5153 ἐστι
750 5099 1049 5166 διαφυγεῖν.
1083 5096 1240 5159 Τίνος
1270 5096 1455 5149 ἕνεκεν
1475 5112 1490 5161 ;
1514 5096 1637 5149 Ὅτι
1663 5097 1814 5167 χοροὶ
1842 5096 2048 5169 ἀνδρῶν
2070 5098 2168 5151 αύ-

602 5197 715 5252 ριον
743 5180 803 5233 τὸ
836 5179 1153 5251 προάστειον
1178 5177 1711 5247 καταλαμϐάνουσιν·
1756 5180 1789 5247 ή
1830 5178 1885 5229 δὲ
1919 5179 2025 5231 τῶν
2057 5198 2169 5233 τοι-

597 5262 769 5316 ούτων
801 5261 922 5331 ὄψις
960 5263 1053 5319 καὶ
1098 5261 1189 5313 τὸν
1239 5260 1557 5330 βουλόμενον
1609 5264 1909 5329 σωφρονεῖν
1965 5263 2168 5317 ἄκοντα

599 5346 860 5413 ὑπεξάγει
888 5344 1144 5408 πολλάκις
1171 5344 1306 5414 πρὸς
1336 5344 1433 5413 τὴν
1456 5344 1555 5413 τῆς
1581 5344 1752 5413 αὐτῆς
1784 5344 2168 5417 ἀσχημοσύνης

599 5427 749 5500 [679]
783 5429 1031 5499 μίμησιν,
1048 5429 1140 5481 καὶ
1164 5426 1399 5497 μάλιστα
1423 5427 1550 5481 ὅταν
1571 5428 1662 5480 καὶ
1690 5428 1716 5479 ὁ
1735 5426 1975 5494 διάϐολος
2005 5430 2166 5499 μέσος

599 5510 827 5573 ἐκείνοις
855 5513 1002 5580 παρῇ
1024 5526 1037 5540 ⁸
1075 5510 1169 5564 καὶ
1198 5510 1303 5581 γάρ
1338 5510 1598 5577 πάρεστιν
1622 5510 1727 5563 ὑπὸ
1762 5510 1870 5565 τῶν
1896 5514 2165 5585 πορνικῶν

600 5594 875 5663 ᾀσμάτων,
900 5594 1003 5645 ὑπὸ
1026 5593 1134 5647 τῶν
1156 5592 1397 5664 αἰσχρῶν
1420 5595 1700 5664 ῥημάτων,
1723 5594 1827 5647 ὑπὸ
1855 5596 1949 5666 τῆς
1974 5597 2161 5667 δαιμο-

668 5825 693 5855 λ
715 5824 814 5875 Alii
837 5824 1098 5886 ἐπεισέλθῃ.

1426 384 1710 441 ιοΑΝΝιδ
1728 382 2235 441 'CHRYSOSTOMI
2277 381 2594 439 ARCHIEP.
2637 382 3181 439 CONSTANTINOP.

3757 388 3866 444 σπι

2301 496 2455 566 νικῆς
2491 497 2710 567 πομπῆς
2732 496 3081 567 καλούμενος.
3108 498 3178 552 Σὺ
3207 497 3263 550 δὲ
3288 496 3541 564 ἀπετάξω
3570 500 3721 572 πάσῃ
3740 501 3873 554 ταύ-

2298 593 2367 649 τῃ
2392 580 2457 648 τῇ
2479 581 2692 649 πομπῇ,
2723 580 2817 632 καί⁸
2849 582 2916 650 τῇ
2948 579 3039 633 τοῦ
3070 580 3306 652 Χριστοῦ
3337 580 3565 651 λατρεία
3595 584 3879 649 συνετάξω

2300 662 2441 715 κατά
2482 661 2582 731 τὴν
2622 660 2836 731 ἡμέραν
2873 662 3116 734 ἐκείνην,
3155 662 3279 717 καθ’
3308 663 3375 734 ἣν
3404 663 3514 716 τῶν
3543 662 3704 732 ιερῶν
3746 681 3881 716 κατ-

2299 741 2536 814 ηξιώθης
2560 742 2892 812 μυστηρίων.
2922 745 3324 816 ’Δναμνήσθητι
3344 745 3524 798 τοίνυν
3544 744 3652 797 τῶν
3689 747 3868 814 ρημάο

2298 840 2403 876 των
2430 822 2657 876 ἐκείνων
2682 823 2890 895 καὶτῆς
2910 824 3202 897 συνθήκης,
3238 826 3334 880 καὶ
3379 825 3519 897 φύγε
3560 824 3660 896 τὴν
3693 826 3866 895 παρά-

2299 904 2475 960 ϐασιν.
3000 932 3005 935 -

2368 1064 2427 1118 ε’.
2448 1062 2787 1133 Βούλομαιδέ
2804 1061 2899 1116 καὶ
2921 1063 3055 1134 πρὸς
3068 1064 3195 1126 τοὺς
3212 1062 3485 1133 παρόντας
3499 1063 3591 1116 καὶ
3615 1062 3692 1134 μὴ
3708 1062 3843 1116 ἀνιόε.

2296 1162 2395 1209 τας
2421 1145 2783 1215 διαλεχθῆναι,
2818 1145 2913 1198 καὶ
2940 1145 3148 1208 τούτοις
3183 1146 3487 1216 ἐγχειρίσαι
3519 1145 3619 1215 τὴν
3646 1147 3876 1199 ἐκείνωι

2297 1228 2593 1297 σωτηρίαν.
2620 1228 2733 1280 Καὶ
2753 1227 2863 1299 γάρ
2891 1227 3072 1297 ίατρὸς
3101 1228 3237 1298 πρὸς
3265 1228 3357 1280 τὸν
3388 1226 3667 1297 κάμνοντα
3698 1228 3859 1279 είσελι

2296 1309 2403 1362 θὼν
2432 1310 2589 1377 ὀλίγα
2616 1310 2694 1380 τῷ
2720 1311 2956 1381 κειμένῳ
2986 1310 3321 1376 διαλέγεται·
3352 1309 3423 1363 τὰ
3458 1310 3517 1363 δέ
3557 1310 3686 1379 περὶ
3728 1326 3868 1379 φαρ-

2298 1390 2487 1461 μάκων
2513 1391 2606 1444 καὶ
2636 1391 2821 1444 σιτίων
2851 1391 2943 1444 καὶ
2971 1391 3073 1461 τῆς
3096 1390 3259 1461 άλλης
3289 1391 3607 1461 θεραπείας,
3634 1391 3870 1449 καλέσας

2293 1474 2418 1535 τοὺς
2436 1474 2584 1543 αὺτῷ
2608 1473 3006 1544 προσήκοντας,
3028 1472 3256 1534 ἐκείνοις
3277 1472 3492 1526 ᾶπαντα
3515 1475 3870 1543 ἐπισκήπτει.

2294 1554 2360 1607 Τί
2418 1555 2650 1625 δήποτε;
2698 1556 2817 1609 ’Ὁτι
2868 1557 2897 1608 6
2934 1554 3033 1625 μὲν
3067 1555 3291 1625 κάμνων
3319 1556 3379 1608 ού
3414 1555 3630 1625 δέχεται
3664 1556 3874 1618 εὐθέως

2292 1637 2391 1706 τὴν
2417 1636 2756 1707 παραίνεσιν,
2774 1638 2803 1689 6
2828 1635 2884 1689 δὲ
2904 1636 3163 1706 ὑγιαίνων
3182 1637 3318 1707 μετά
3332 1636 3533 1707 πολλῆς
3560 1636 3873 1707 προθυμίας

2293 1718 2548 1789 προσέχει
2572 1719 2685 1781 τοῖς
2703 1718 3016 1788 λεγομένοις
3035 1736 3049 1750 ·
3081 1719 3168 1772 διὰ
3192 1719 3351 1773 τοῦτο
3375 1721 3514 1790 μετὰ
3538 1720 3748 1773 τούτων
3777 1720 3869 1773 καὶ

2292 1801 2420 1870 ὑμῖν
2454 1800 2711 1871 βούλομαι
2737 1801 3105 1871 διαλεχθῆναι.
3134 1802 3649 1873 Προκαταλάϐωμεν
3678 1801 3871 1871 αὔριον

2291 1885 2389 1945 τὰς
2420 1882 2615 1948 πύλας,
2654 1883 3067 1953 ἐφεδρεύσωμεν
3116 1887 3235 1948 ταῖς
3294 1885 3457 1949 ὁδοῖς,
3512 1884 3708 1954 ἄνδρες
3745 1886 3872 1945 τοὺς

2292 1962 2514 2034 ἀνδρας,
2542 1967 2799 2032 γυναῖκες
2844 1965 2941 2028 τὰς
2983 1968 3251 2033 γυναῖκας
3279 1965 3730 2035 κατασπάσωμεν
3762 1966 3871 2019 ἀπὸ

2276 2045 2400 2099 ,τῶν
2433 2046 2743 2115 ὑποζυγίων
2762 2064 2775 2077 ·
2801 2048 3237 2118 ἐπαναγάγωμεν
3257 2048 3491 2102 ἐνταῦθα
3520 2049 3572 2113 ι’,
3604 2048 3679 2119 μὴ
3715 2050 3847 2102 ἐπαι

2292 2131 2608 2201 σχυνθῶμεν
2625 2146 2640 2160 ⁸
2675 2131 2803 2185 ένθα
2827 2132 3069 2203 σωτηρία
3101 2129 3352 2200 ἀδελφοῦ,
3370 2132 3471 2184 οὐκ
3498 2129 3647 2184 ἐστιν
3675 2132 3871 2201 αίσχύ-

2292 2230 2379 2285 νη.
2405 2212 2469 2266 El
2495 2214 2695 2267 ἐκεῖνοι
2730 2214 2831 2267 οὐκ
2859 2213 3205 2283 αἰσχύνονται
3242 2213 3378 2284 πρὸς
3413 2214 3512 2283 τὴν
3548 2215 3873 2284 παράνομον

2292 2294 2516 2365 πομπὴν
2554 2295 2816 2359 ἀνιόντες,
2851 2294 3032 2365 πολλῷ
3080 2295 3281 2365 μᾶλλον
3313 2296 3462 2365 ἡμᾶς
3513 2296 3873 2366 αίσχύνεσθαι

2285 2376 2350 2441 ,οὐ
2370 2378 2475 2447 χρὴ
2503 2378 2638 2447 πρὸς
2674 2377 2772 2449 τὴν
2807 2377 2960 2449 ίερὰν
2984 2376 3187 2448 ταύτην
3217 2379 3527 2449 πανήγυριν
3574 2379 3871 2447 μέλλοντας

2290 2459 2487 2522 αὐτοὺς
2512 2461 2898 2529 ἐπαναγαγεῖν.
2930 2461 3098 2513 Ὅταν
3121 2459 3350 2529 ἀδελφοῦ
3374 2452 3619 2531 σωτηρία
3640 2461 3869 2531 προκέη-

2290 2559 2401 2608 ται,
2439 2543 2604 2614 μηδὲν
2630 2541 3048 2614 παραιτώμεθα.
3080 2544 3146 2595 El
3178 2543 3286 2613 γὰρ
3306 2546 3334 2596 6
3361 2544 3598 2614 Χριστὸς
3627 2544 3873 2602 ἀπέθανε

2290 2624 2355 2678 δι’
2375 2628 2541 2696 ἡμᾶς,
2584 2626 2797 2679 ᾶπαντα
2842 2625 3131 2695 ὑπομένειν
3174 2624 3240 2677 δι’
3280 2616 3480 2689 αὐτοὺς
3514 2627 3664 2695 ἡμᾶς
3721 2628 3869 2696 χρή·

2290 2707 2393 2762 κᾶν
2416 2707 2628 2777 πληγάς
2644 2708 2990 2773 ἐντείνονται,
3019 2708 3121 2762 κᾶν
3144 2707 3582 2779 λοιδορήσωνται,
3600 2708 3872 2778 κάτασχε,

2291 2794 2387 2846 καὶ
2432 2792 2508 2864 μὴ
2537 2792 2808 2864 πρότερον
2835 2794 3098 2863 ἀποστῇς,
3128 2790 3333 2855 ἓως¹ἂν
3359 2793 3559 2857 αὐτοὺς
3584 2795 3868 2861 ἐπαναγά-

2292 2890 2396 2945 γῃς
2425 2876 2561 2946 πρὸς
2592 2876 2683 2928 τὸν
2723 2876 2875 2943 ἀγιον
2912 2874 3198 2945 μάρτυρα·
3238 2870 3355 2927 ἂᾶν
3387 2874 3743 2947 δικαστήριον
3772 2877 3872 2949 δέη

2291 2957 2516 3011 καθίσαι
2545 2961 2610 3011 ἐκ
2635 2958 2744 3010 τῶν
2773 2958 3078 3027 παριόντων
3103 2997 3119 3023 ,
3152 2959 3200 3010 οί
3244 2957 3555 3029 βουλόμενοι
3588 2960 3872 3014 ἀκουέτω-

2290 3055 2420 3093 σανο
2473 3039 2723 3109 ἀδελφὺν,
2776 3039 2931 3105 είπέ,
2986 3038 3252 3120 βούλομαι
3301 3039 3496 3104 σῶσαι,
3547 3040 3661 3111 ὁρῶ
3687 3042 3873 3113 ψυχὴν

2289 3121 2693 3193 ἀπολλυμένην,
2715 3123 2810 3175 καὶ
2832 3123 2933 3175 οὐκ
2961 3122 3229 3191 ἀνέχομαι
3259 3121 3521 3192 περιιδεῖν
3552 3126 3654 3194 τὴν
3674 3126 3873 3193 συγγέ-

2258 3202 2259 3205 “
2290 3220 2467 3258 νειαν’
2503 3204 2532 3256 ὁ
2563 3203 2883 3273 βουλόμενος
2939 3203 3258 3271 ἐγκαλείσω,
3310 3204 3339 3256 6
3368 3202 3689 3274 βουλόμενος
3742 3224 3872 3259 κατ-

2286 3285 2558 3355 ηγορείτω
2581 3301 2595 3314 ο
2650 3285 2852 3355 μᾶλλον
2900 3283 2958 3337 δὲ
3008 3284 3182 3348 οὐδεὶς
3234 3285 3522 3352 ἐγκαλέσει
3549 3327 3565 3351 ,
3602 3287 3741 3341 ἀλλά
3773 3290 3874 3344 καὶ

2254 3367 2489 3429 ⁸πάντες
2539 3368 2954 3429 ἐπαινέσονται,
3004 3366 3207 3430 πάντες
3240 3367 3597 3424 ἀσπάσονται.
3636 3372 3714 3424 Οὐ
3757 3372 3871 3440 γὰρ

2289 3448 2429 3519 ὑπὲρ
2465 3448 2799 3519 χρημάτων,
2848 3449 2968 3502 οὐδὲ
3010 3449 3078 3502 δι’
3116 3450 3325 3503 οίκείαν
3372 3451 3669 3521 ἀπέχθειαν
3719 3454 3874 3523 ἀμυ-

2286 3532 2543 3601 νόμενος,
2604 3530 2725 3583 οὐδὲ
2778 3532 2917 3602 ὑπὲρ
2984 3531 3145 3585 ἀλλου
3201 3532 3346 3595 τινὸς
3421 3533 3529 3587 τῶν
3592 3533 3873 3604 βιωτικῶν

2286 3614 2575 3684 φιλονεικῶ
2629 3613 2725 3666 καὶ
2772 3615 3050 3685 μάχομαι,
3110 3614 3226 3667 ἀλλ’
3281 3615 3423 3686 ὑπὲρ
3464 3616 3693 3685 ἀδελφοῦ
3752 3635 3871 3672 σω-

2284 3698 2511 3769 τηρίας·
2550 3697 2720 3751 ταῦτα
2772 3698 2856 3761 τίς
2912 3699 3012 3751 οὐκ
3062 3698 3416 3765 ἀποδέξεται;
3475 3699 3559 3763 τίς
3617 3701 3680 3751 ού
3733 3701 3876 3755 θαυ-

2289 3780 2562 3851 μάσεται;
2603 3779 2771 3837 Οὐδὲν
2801 3782 2949 3850 ἡμᾶς
2999 3780 3376 3851 προσήκοντας
3429 3781 3681 3851 ἀλλήλοις
3724 3783 3875 3837 κατά

2286 3866 2603 3934 συγγένειαν
2622 3866 2891 3937 σαρκικὴν
2912 3866 2944 3935 ὴ
2963 3864 3306 3935 πνευματικὴ
3326 3865 3612 3934 συγγένεια
3638 3868 3872 3939 πατρῶν

2285 3948 2796 4019 φιλοστοργοτέρους
2853 3947 3129 4017 ἐποίησεν.
3194 3947 3258 4000 El
3321 3946 3597 4017 βούλεσθε,
3638 3948 3736 4003 καὶ⁵
3772 3951 3871 4003 τὸν

2288 4030 2537 4100 μάρτυρα
2592 4029 2844 4100 λάϐωμεν
2888 4031 3006 4100 μεθ’
3046 4030 3282 4084 έαυτῶν’
3320 4030 3419 4084 οὐκ
3468 4029 3871 4102 ἐπαισχύνεται

2283 4114 2391 4183 γὰρ
2429 4114 2604 4167 ἐλθεῖν
2634 4114 2727 4166 καὶ
2748 4113 2917 4167 σῶσαι
2947 4115 3073 4178 τοὺς
3116 4112 3399 4181 ἀδελφούς.
3445 4115 3871 4185 Ἐπιστήσωμεν

2283 4197 2463 4259 αὐτοῖς
2485 4196 2707 4250 ἐκείνων
2737 4195 3057 4266 ὀφθαλμοῖς,
3099 4196 3378 4266 φοϐηθῶσι
3420 4196 3685 4266 παρόντα,
3718 4198 3872 4250 αἰδε-

2283 4279 2452 4332 σθῶσι
2480 4278 2902 4350 παρακαλοῦντα
2945 4280 3041 4331 καὶ
3067 4279 3341 4349 δεόμενονσ
3371 4279 3432 4331 ού
3463 4277 3573 4349 γὰρ
3615 4279 3871 4349 αἰσχύνε-

2279 4379 2369 4415 ται
2394 4363 2486 4415 καὶ
2517 4362 2915 4434 παρακαλέσαι.
2942 4362 3007 4415 El
3045 4363 3154 4434 γὰρ
3184 4365 3213 4417 ὁ
3240 4364 3521 4431 Δεσπότης
3554 4362 3721 4415 αὑτοῦ
3759 4380 3869 4417 πα-

2283 4447 2511 4517 ρακαλεῖ
2544 4448 2640 4517 τὴν
2670 4446 2946 4516 ἡμετέραν
2978 4446 3159 4514 φύσιν·
3196 4444 3375 4513 Ὑπὲρ
3410 4446 3674 4512 Χριστοῦ
3714 4462 3867 4515 πρε-

2280 4531 2591 4597 σϐεύομεν,
2626 4530 2791 4598 φησὶν
2816 4530 2844 4580 6
2877 4528 3107 4593 Παῦλος,
3138 4528 3220 4593 ὠς
3258 4526 3367 4581 τοῦ
3409 4526 3559 4581 Θεοῦ
3588 4543 3868 4596 παρακα-

2240 4648 2243 4649 ν
2278 4614 2538 4681 λοῦντος
2569 4614 2653 4673 δι’ρ,
2673 4602 2861 4680 ἡμῶν,
2883 4608 3310 4679 Καταμάγητε
3334 4607 3415 4675 τῷ
3442 4602 3563 4674 Θεῷ
3598 4620 3646 4649 ο·
3678 4612 3864 4683 πολλῷ

2282 4697 2480 4766 μᾶλλον
2510 4700 2538 4750 ὁ
2562 4695 2747 4757 δοῦλος
2770 4693 2929 4747 τοῦτο
2953 4694 3189 4763 ποιήσει·
3210 4691 3272 4745 ἓν
3295 4692 3457 4745 αὐτὸν
3486 4692 3649 4745 λυπεῖ
3672 4694 3861 4763 μόνον,

2278 4782 2311 4849 ή
2339 4778 2585 4833 ἀπώλεια
2630 4781 2663 4849 ή
2714 4777 2979 4849 ἡμετέραὲ
3032 4776 3091 4830 ἓν
3141 4776 3449 4846 εὐφραίνει,
3479 4777 3512 4845 ή
3546 4777 3792 4848 σωτηρία
3823 4781 3861 4848 ή

2276 4864 2539 4935 ἡμετέρα,
2559 4863 2654 4915 καὶ
2683 4861 2774 4915 διὰ
2806 4860 2966 4913 τοῦτο
2997 4861 3058 4913 οὐ
3105 4861 3502 4931 παραιτήσεται
3534 4860 3685 4913 οὐδὲν
3712 4859 3863 4929 ὑπὲρ

2275 4948 2445 5017 αὐτῆς
2480 4945 2728 5014 ποιῆσαι.
2765 4944 2856 5013 Μὴ
2899 4941 3081 4995 τοίνυν
3116 4941 3257 5012 μηδὲ..
3283 4943 3445 5011 ἡμεῖς
3478 4940 3861 5011 ἐπαισχυνθῶ-

2280 5047 2398 5100 μεν,
2441 5028 2576 5099 μηδέ
2608 5026 2863 5096 περιττὸν
2898 5020 3039 5077 εἶναι
3068 5023 3399 5093 νομίσωμεν.
3418 5024 3479 5076 Εἰ
3507 5022 3613 5093 γάρ
3644 5023 3862 5093 ἀνθρω-

2276 5130 2367 5165 ποι
2399 5112 2464 5182 θη
2478 5109 2637 5181 ραταὶ
2662 5109 2946 5178 κρημνοὺς
2982 5106 3077 5159 καὶ
3103 5106 3201 5176 ὅρη
3221 5105 3316 5157 καὶ
3341 5105 3589 5175 βάραθρα
3618 5106 3716 5158 καὶ
3742 5108 3860 5160 πᾶν

2275 5194 2469 5248 ἄϐατον
2499 5193 2835 5264 ἀπέρχονται
2859 5189 3078 5260 χωρίον,
3109 5186 3221 5240 εἴτε
3250 5186 3483 5254 λαγωὸν,
3502 5186 3651 5259 [680]
3683 5188 3715 5258 ἢ
3740 5188 3862 5261 δορ-

2275 5279 2434 5341 κάδα,
2466 5278 2500 5347 ἢ
2531 5277 2658 5330 ἄλλο
2686 5293 2740 5329 τι
2767 5272 2876 5327 τῶν
2892 5271 3170 5334 τοιούτων,
3198 5271 3231 5341 ἢ
3270 5272 3365 5324 καὶ
3400 5271 3618 5341 ὄρνιθας
3649 5271 3859 5326 πολλά-

2274 5378 2361 5423 κις
2392 5361 2594 5421 ταύτας
2609 5359 2706 5422 τὰς
2730 5355 2933 5427 ἀγρίας
2968 5352 3233 5426 θηρεῦσαι
3265 5352 3601 5423 βουλόμενοι·
3634 5354 3699 5405 σὺ
3728 5354 3860 5422 μέλ-

2272 5444 2379 5497 λων
2409 5444 2508 5496 ούκ
2535 5442 2731 5509 άλογον
2760 5439 2997 5502 εὐτελὲς,
3040 5437 3155 5490 ἀλλ’
3185 5435 3417 5505 ἀδελφὸν
3455 5438 3856 5504 πνευματικὸν,

2271 5531 2337 5583 δι’
2372 5528 2430 5581 ὃν
2456 5531 2483 5580 6
2518 5526 2747 5598 Χριστὸς
2764 5524 3058 5586 ἀπέθανεν,
3091 5522 3459 5588 ἐπαναγαγεῖν
3474 5519 3531 5585 ἐξ
3548 5518 3855 5583 ἀπωλείας,

2272 5612 2365 5664 καὶ
2396 5610 2496 5662 ούκ
2532 5609 2633 5681 δρη
2668 5609 2763 5662 καὶ
2820 5607 3019 5671 νάπας,
3056 5603 3193 5657 ἀλλά
3239 5602 3337 5674 τὴν
3386 5602 3563 5672 πύλην
3589 5600 3856 5667 ἐξελθεῖν,

2334 5762 2362 5796 ιι
2383 5760 2466 5809 Sic
2484 5758 2631 5806 Savil.
2658 5764 2711 5805 et
2731 5756 2828 5805 duo
2856 5769 2966 5803 mss.
2994 5751 3155 5815 Regii.
3183 5753 3238 5802 In
3262 5748 3663 5815 Moreliﬁwaﬁﬁz
3683 5750 3852 5799 deost.

2337 5824 2360 5852 '
2386 5820 2535 5871 Savil.
2561 5826 2614 5869 et
2633 5832 2760 5869 unus
2779 5831 2868 5867 ms.
2896 5813 3243 5877 καταλλαγῆναι
3262 5816 3330 5877 τῷ
3355 5813 3482 5876 Θεῷ.
