4084 6426
212 400 318 456 675

208 507 303 559 sed
333 518 619 573 corporum
641 504 998 557 mutilatorum
1029 501 1253 569 sanatio,
1274 513 1328 560 et
1355 512 1692 573 peccatorum
1711 518 1797 557 re-

212 593 420 659 missio,
435 592 656 648 abolitio
674 593 805 659 vitii,
822 592 1129 646 morborum
1151 593 1342 647 animae
1366 594 1571 647 curatio
1585 634 1599 658 ,
1628 594 1798 648 oratio

205 687 481 754 continua,
498 687 690 742 ﬁducia
708 670 849 756 apud
871 688 1058 753 Deum,
1081 687 1374 756 spiritualia
1389 695 1601 753 cuncta,
1618 686 1798 740 bonis-

205 794 312 848 que
341 780 644 854 caelestibus
671 779 1044 834 redundantia.
1065 779 1130 834 Hi
1151 779 1352 834 fructus
1377 793 1594 848 semper
1613 777 1798 832 decer-

211 871 312 939 pti,
339 885 557 941 semper
579 871 858 952 pullulant,
880 886 978 926 nec
995 885 1245 940 umquam
1265 884 1392 925 suos
1413 870 1646 924 cultores
1662 866 1796 922 deii-

203 963 375 1017 eiuut.
403 965 579 1034 Atque
601 963 824 1018 arbores
852 962 1090 1033 quidem,
1112 977 1233 1032 quae
1253 970 1542 1016 nascuntur
1560 961 1609 1014 in
1633 968 1794 1026 terra,

203 1053 373 1108 semel
392 1054 446 1107 in
461 1068 601 1107 anno
619 1053 846 1109 fructum
869 1053 1063 1119 ferunt;
1077 1053 1220 1123 quod
1240 1053 1283 1106 si
1312 1068 1417 1106 non
1439 1051 1794 1120 decerpseris,

203 1145 534 1201 adventante
578 1146 785 1217 hyemis
835 1156 1080 1215 tempore
1126 1155 1377 1214 corrupto
1418 1158 1482 1198 ac
1528 1139 1798 1228 dilabente

203 1235 384 1289 fructu
411 1236 686 1306 proprium
707 1234 960 1289 decorem
991 1235 1242 1288 amittunt
1273 1251 1286 1287 :
1319 1233 1402 1288 hae
1423 1247 1551 1287 vero
1578 1232 1797 1302 'hyemis

203 1323 402 1378 nesciae
431 1332 557 1376 sunt
583 1332 638 1377 et
663 1322 866 1377 aestatis
885 1362 900 1388 ,
931 1337 1037 1376 non
1065 1331 1363 1392 temporum
1394 1321 1672 1390 subjacent
1700 1334 1798 1374 ne-

202 1413 464 1479 cessitati,
493 1427 594 1467 nec
621 1413 733 1467 suis
778 1412 1037 1468 fructibus
1083 1412 1300 1466 nudatae
1341 1421 1566 1480 possunt
1590 1410 1790 1476 videri,

202 1502 299 1557 sed
344 1502 593 1557 eumdem
639 1511 898 1571 perpetuo
938 1501 1189 1556 decorem
1230 1501 1504 1566 obtinent;
1547 1514 1651 1564 non
1705 1506 1819 1554 eas‘

204 1610 459 1664 umquam
489 1595 765 1663 corruptio
788 1595 874 1648 vel
899 1595 1124 1648 mutatio
1153 1602 1532 1663 tempestatum
1563 1593 1796 1661 attingit.

203 1686 376 1750 Quam
421 1686 574 1740 multi
616 1685 880 1754 siquidem
902 1727 915 1748 ,
952 1701 1016 1741 ex
1040 1701 1145 1755 quo
1163 1685 1456 1754 plautatum
1487 1693 1569 1740 est
1603 1699 1797 1753 corpus

206 1776 348 1830 istud
382 1775 436 1828 in
488 1784 966 1839 terra,sexcentas
1004 1775 1316 1828 sanationes
1360 1789 1425 1828 ex
1468 1776 1570 1828 hoc
1613 1782 1798 1827 sancto

203 1864 383 1919 loculo
409 1865 791 1934 decc'rpserant
810 1906 827 1932 ,
857 1879 957 1919 nec
977 1863 1180 1918 fructus
1200 1863 1428 1928 defecit;
1458 1870 1799 1917 messuerunt

203 1967 468 2026 segetem,
482 1956 590 2012 nec
611 1965 944 2025 consumptae
961 1966 1086 2009 sunt
1110 1956 1292 2024 Spicac;
1307 1970 1338 2009 e
1353 1954 1587 2008 fontibus
1615 1952 1800 2008 hause-

204 2056 352 2115 runt,
377 2064 475 2103 nec
494 2048 749 2104 erinaniti
780 2055 906 2101 sunt
935 2046 1140 2110 latices,
1163 2046 1254 2100 sed
1278 2045 1531 2116 perennis
1551 2053 1632 2098 cst
1648 2058 1798 2114 quan-

202 2139 331 2193 dam
379 2139 682 2208 scaturigo,
731 2151 1024 2208 numquam
1072 2123 1358 2203 deficiens,
1390 2136 1486 2190 sed
1530 2149 1625 2200 eo,
1656 2133 1799 2203 quod

205 2212 456 2284 haustum
486 2239 599 2295 est,
644 2227 913 2298 copiosius
958 2242 1172 2295 semper
1209 2225 1524 2280 miraculum
1575 2235 1800 2277 manans

204 2319 462 2387 effundit.
481 2319 668 2389 Neque
692 2304 829 2374 vero.
863 2327 1073 2374 tantum
1119 2317 1377 2372 miracula
1398 2323 1672 2387 cperatur,
1704 2314 1799 2370 sed

205 2411 575 2482 philosophari
617 2393 794 2466 etiam.
830 2411 1043 2466 suadet.
1075 2409 1202 2465 Sive
1230 2410 1375 2464 enim
1427 2409 1578 2463 dives
1624 2409 1698 2462 sis
1737 2422 1800 2461 ac

206 2501 495 2570 superbias
540 2511 596 2556 et
637 2501 780 2555 elato
827 2501 901 2555 sis
944 2502 1311 2567 animo,cum
1357 2499 1462 2554 huc
1487 2499 1698 2554 veneris
1738 2511 1802 2552 ac

204 2599 499 2660 martyrem
526 2589 749 2644 intuitus
777 2589 944 2644 fueris
970 2631 985 2657 ,
1015 2598 1379 2659 quantumque
1403 2590 1475 2644 sit
1502 2589 1642 2643 inter
1661 2586 1800 2643 divi-

204 2681 306 2733 tias
347 2691 465 2733 tuas
490 2690 544 2733 et
570 2679 728 2748 hujus
749 2679 1079 2748 opulentiam
1125 2679 1415 2734 discrimen
1437 2720 1452 2744 ,
1484 2687 1659 2733 tecum
1687 2677 1802 2746 ipse

203 2772 547 2840 reputaveris
577 2788 590 2823 :
619 2769 788 2824 elatos
828 2770 1037 2824 animos
1079 2769 1258 2825 subito
1302 2769 1600 2838 deprimes,
1626 2777 1680 2822 et
1708 2768 1803 2822 de-

205 2863 384 2933 posito
423 2861 561 2915 fastu
607 2877 670 2916 ac
695 2871 940 2928 tumore,
971 2861 1140 2915 multa
1181 2876 1303 2916 cum
1345 2862 1538 2915 animae
1576 2860 1802 2914 sanitate

204 2953 474 3017 discedes;
506 2953 619 3007 sive
641 2967 841 3022 pauper
873 2967 936 3006 ac
955 2952 1240 3021 despectus
1266 2952 1364 3006 tibi
1387 2967 1508 3006 esse
1532 2949 1764 3006 videaris
1779 2989 1796 3016 ,

205 3061 329 3101 cum
357 3046 460 3100 huc
486 3045 696 3100 veneris
719 3055 773 3100 et
796 3044 1008 3099 divitias
1037 3045 1287 3114 martyris
1305 3043 1523 3107 videris,
1550 3053 1802 3097 contem-

205 3136 314 3205 ptis
348 3147 404 3190 et
448 3135 620 3189 irrisis
653 3135 989 3189 saecularium
1031 3134 1261 3198 divitiis,
1295 3133 1460 3188 multa
1505 3133 1801 3186 instructus

207 3223 550 3294 philosophia
597 3224 852 3289 recedes,
891 3225 1401 3296 etsi‘contumeliae,
1445 3224 1545 3278 etsi
1575 3223 1798 3290 damna,

207 3316 312 3371 etsi
347 3317 568 3371 verbera
607 3315 937 3387 inﬂigantur;
970 3332 1092 3371 cum
1123 3326 1176 3370 te
1224 3315 1458 3370 nondum
1488 3323 1634 3369 tanta
1676 3329 1800 3384 pas-

203 3420 328 3460 sum
354 3419 478 3460 esse
498 3446 512 3471 ,
541 3413 740 3476 quanta
767 3417 984 3461 sanctus
1021 3406 1110 3462 hic
1137 3417 1339 3477 martyr
1382 3405 1627 3475 pertulit,
1649 3405 1800 3460 vide-

207 3497 285 3552 ris
307 3537 324 3563 ,
357 3510 605 3566 magnam
655 3495 782 3552 hinc
817 3498 999 3567 capies
1038 3497 1481 3554 consolationem.
1514 3496 1678 3550 Vides
1703 3510 1798 3551 cu-

202 3585 441 3655 jusmodi
485 3586 726 3641 radicum
765 3589 988 3642 istarum
1034 3589 1142 3643 sint
1193 3585 1441 3642 fructus?
1481 3597 1538 3643 ut
1559 3588 1800 3643 consumi

207 3675 522 3747 nequeant?
548 3685 608 3731 ut
631 3678 937 3748 spirituales
981 3679 1128 3733 sint?
1155 3689 1212 3733 ut
1245 3679 1312 3733 ad
1353 3681 1586 3734 animam
1633 3680 1799 3748 ipsam

207 3766 554 3836 pertingant?
576 3767 692 3821 Non
718 3768 974 3837 prohibeo
995 3811 1010 3834 ,
1046 3785 1114 3824 ne
1141 3771 1260 3839 quis
1289 3771 1340 3824 in
1370 3770 1686 3825 suburbium
1717 3772 1804 3825 ab-

207 3865 318 3921 eat,
341 3855 438 3910 sed
457 3872 526 3910 ne
551 3857 790 3912 crastino
819 3859 928 3925 die,
959 3858 1224 3927 prohibeo
1258 3877 1271 3912 :
1296 3875 1458 3929 quam
1492 3860 1703 3914 tandem
1733 3860 1803 3914 ob

201 3943 576 4000 causamiNe
623 3945 956 4001 damnationi
1004 3949 1074 4002 sit
1124 3942 1357 4003 obnoxia
1403 3948 1719 4014 delectatio;
1748 3960 1805 4004 ut

207 4035 456 4103 voluptas
484 4036 556 4090 sit
574 4050 727 4105 pura,
761 4037 1036 4092 damnatio
1064 4054 1194 4093 vero
1220 4055 1325 4095 non
1353 4039 1626 4109 subrepat.
1656 4039 1804 4095 Licet

206 4125 353 4180 enim
382 4126 491 4180 alio
517 4126 606 4182 die
628 4136 682 4182 et
711 4129 966 4198 voluptati
989 4130 1265 4201 indulgere
1285 4140 1340 4186 et
1367 4132 1526 4186 eximi
1557 4143 1800 4202 peccato.

206 4215 362 4283 Quod
395 4217 439 4271 si
462 4233 605 4272 nunc
641 4220 803 4273 etiam
835 4221 1038 4289 placeat
1064 4223 1333 4291 voluptate
1361 4225 1641 4294 perfundi,
1674 4226 1801 4295 quid

204 4305 496 4376 jucundius
536 4307 638 4364 hoc
658 4312 962 4365 conventu?
988 4313 1113 4381 quid
1144 4314 1353 4369 theatro
1393 4315 1654 4385 spirituali
1684 4331 1806 4385 gra-

212 4398 317 4451 tius
341 4438 356 4461 ,
388 4399 817 4466 membris'tuis,
850 4409 1063 4457 tuorum
1107 4402 1330 4458 fratrum
1376 4409 1709 4474 congressu?
1736 4410 1806 4462 At

206 4487 369 4540 etiam
391 4490 688 4557 corporalis
714 4506 914 4546 mensae
936 4493 1016 4546 vis
1051 4490 1164 4547 fieri
1191 4495 1491 4564 particeps?
1515 4495 1602 4550 hic
1628 4498 1805 4552 soluto

206 4578 479 4636 ceuventu
506 4581 631 4637 licet
655 4583 804 4652 juxta
856 4585 1171 4656 martyrium
1196 4588 1276 4657 (a)
1318 4588 1418 4644 sub
1448 4589 1551 4644 ficu
1571 4589 1656 4644 vel
1695 4591 1813 4646 vite

207 4670 502 4726 diversanti
522 4712 539 4738 ,
572 4673 731 4726 etiam
758 4676 969 4742 corpori
1001 4677 1386 4732 recreationem
1414 4679 1721 4750 indulgere,
1751 4689 1805 4734 et

209 4762 659 4819 condemnatione
678 4765 1059 4834 conscientiam
1094 4768 1579 4842 liherare.Martyr
1606 4773 1750 4826 enim
1773 4789 1804 4828 e

209 4854 511 4924 propinquo
546 4866 817 4926 spectatus
846 4899 861 4923 ,
908 4869 963 4913 et
1000 4871 1123 4913 cum
1175 4871 1245 4914 ειι
1293 4862 1534 4928 vicinus,
1591 4863 1804 4933 ipsique

211 4959 415 5000 mensae
445 4945 652 5013 adstet,
680 4949 1006 5018 voluptatem
1055 4951 1106 5004 in
1141 4963 1417 5021 peccatum
1449 4954 1650 5010 effundi
1696 4974 1802 5013 nou

207 5035 356 5101 sinit;
375 5037 470 5091 sed
501 5047 768 5107 tamquam
792 5041 1108 5112 paedagogus
1135 5057 1227 5098 aut
1255 5054 1404 5112 pater
1423 5048 1656 5116 optimus
1678 5063 1804 5104 ocu-

210 5127 277 5181 lis
321 5126 444 5182 lidei
473 5143 796 5199 conspectus
826 5119 991 5188 risum
1031 5138 1369 5207 comprimit,
1401 5139 1680 5197 indecoras
1705 5157 1803 5195 vo-

213 5215 444 5287 luptates
471 5221 838 5288 circumcidit,
869 5224 1095 5280 lascivos
1139 5243 1328 5283 omnes
1371 5229 1608 5287 iusultus
1627 5233 1805 5288 carnis

212 5309 375 5375 tollit,
406 5326 542 5378 quos
568 5311 677 5366 illic
702 5328 808 5366 non
837 5315 961 5369 licet
989 5317 1239 5373 evadere.
1266 5319 1402 5386 Quid
1428 5323 1496 5375 ita
1520 5323 1543 5374 ?
1566 5323 1699 5390 Quia
1726 5325 1806 5378 ui-

213 5405 408 5457 mirum
434 5403 738 5459 saltantium
768 5407 1003 5462 virorum
1029 5409 1180 5464 chori
1227 5413 1313 5466 die
1339 5413 1577 5468 crastino
1612 5416 1804 5470 subur-

215 5493 358 5548 hium
386 5495 724 5563 occupabunt
751 5515 764 5550 :
789 5507 845 5551 at
869 5499 1132 5568 ejusmodi
1179 5502 1457 5558 hominum
1484 5517 1805 5574 cOnSpectus

213 5598 584 5654 saepenumero
613 5588 762 5642 illum
793 5589 985 5658 etiam,
1018 5592 1107 5661 qui
1132 5602 1499 5664 temperanter
1526 5611 1718 5665 gerere
1745 5613 1804 5653 se

273 5710 654 5789 {u)_lartyrium
677 5719 783 5768 sive
804 5721 1011 5775 ecclesia
1031 5730 1102 5774 SS.
1129 5730 1406 5789 lartyrum,
1427 5739 1522 5788 qua
1540 5725 1603 5778 de
1626 5741 1683 5779 re
1707 5742 1803 5779 non

209 5779 369 5826 scatet
391 5781 619 5842 superius
634 5789 793 5831 actum
819 5793 911 5833 est.

1391 388 1456 446 IN
1494 387 1552 447 S.
1584 387 1924 447 JULIANUM
1965 389 2373 449 MARTYREM.
3387 409 3491 462 θτι

1914 503 2161 569 voluerit,
2191 506 2390 560 sensim
2413 505 2480 560 ad
2512 506 2754 576 ejusdem
2782 509 3122 578 turpitudinis
3145 506 3497 572 imitationem

1909 595 2165 663 impellit;
2196 609 2260 651 ac
2296 607 2405 651 tum
2427 598 2658 654 maxime
2687 614 2807 653 cum
2839 600 2895 654 in
2923 601 3101 656 medio
3127 603 3341 658 illorum
3377 605 3498 659 dia-

1909 686 2058 740 bolus
2087 685 2318 741 adfuerit
2349 705 2364 741 :
2392 687 2544 742 adest
2576 689 2718 743 enim
2769 705 2800 742 a
2827 691 3143 769 meretriciis
3169 695 3454 750 cantilenis
3480 737 3498 764 ,

1906 783 1935 822 a
1962 769 2136 824 verbis
2162 769 2430 826 obscoenis
2454 813 2468 837 ,
2498 781 2531 826 a'
2555 772 2819 828 diabolica
2850 788 3044 845 pompa
3070 785 3311 832 vocatus.
3334 780 3405 832 At
3447 794 3503 834 tu

1907 857 2210 927 hujusmodi
2237 865 2448 930 pompae
2492 863 2737 918 nuntium
2768 865 3058 934 remisisti,
3095 876 3251 938 teque
3299 868 3501 923 Christi

1905 947 2414 1019 cultui'maneipasti
2435 950 2524 1006 die
2546 952 2658 1018 illo,
2685 968 2790 1023 quo
2819 956 2986 1010 sacris
3013 957 3283 1027 mysteriis
3305 958 3503 1029 dignus

1905 1035 2120 1091 habitus
2155 1053 2234 1092 es.
2281 1039 2590 1096 Recordare
2636 1043 2815 1112 itaque
2859 1045 3144 1102 verborum
3175 1048 3392 1104 illorum
3450 1060 3504 1102 et

1907 1127 2047 1194 pacti
2072 1129 2342 1194 conventi,
2378 1140 2431 1184 et
2452 1146 2520 1186 ue
2546 1131 2674 1186 illttd
2693 1134 2862 1187 violes
2888 1129 3037 1190 cave.

1976 1216 2031 1270 5.
2063 1216 2312 1273 Frangat
2334 1230 2622 1274 nos‘rorum
2639 1225 2865 1277 curanda
2889 1225 3048 1279 salus.
3069 1257 3139 1268 —
3155 1227 3301 1283 Libet
3317 1237 3501 1285 autem

1905 1317 1958 1361 et
1985 1306 2052 1361 ad
2077 1323 2191 1376 eos,
2237 1309 2329 1380 qui
2372 1311 2566 1365 adsunt
2610 1329 2712 1369 nec
2758 1315 2882 1369 illuc
2923 1317 3190 1385 abierunt,
3225 1320 3388 1374 verba
3417 1319 3502 1374 fa-

1903 1413 2046 1462 cere,
2074 1409 2232 1468 atque
2257 1399 2344 1454 his
2388 1401 2616 1458 salutem
2649 1405 2868 1461 illorum.
2885 1409 3263 1464 commendare
3288 1427 3301 1475 ;
3330 1412 3501 1481 siqui-

1903 1488 2025 1542 drm
2043 1490 2281 1546 medicus
2296 1491 2365 1544 ad
2379 1502 2637 1561 aegrotum
2658 1495 2949 1565 ingressus,
2968 1513 3134 1568 par-3a
3158 1516 3276 1555 cum
3290 1500 3502 1571 jacente

1903 1578 2263 1648 colloquitur;
2295 1596 2415 1651 quae
2457 1597 2588 1638 vero
2626 1587 2898 1653 pertinent
2935 1588 3005 1643 ad
3036 1595 3422 1647 meui:amenta
3447 1602 3503 1647 et

1903 1672 2161 1727 alimenta
2201 1673 2571 1746 reliquamque
2596 1680 2950 1745 curationem,
2982 1684 3186 1736 vocatis
3230 1685 3346 1753 ejus
3369 1700 3499 1753 pro-

1903 1762 2137 1832 pinquis,
2169 1765 2350 1820 omnia
2399 1766 2508 1822 illis
2554 1768 2800 1840 injungit.
2833 1769 2941 1825 Cur
2984 1771 3036 1826 id
3081 1773 3340 1829 tandem?
3367 1775 3499 1844 Quia

1904 1854 2155 1907 nimirum
2199 1869 2342 1926 aeger
2384 1856 2599 1926 quidem
2645 1875 2752 1914 nou
2798 1861 3043 1930 protinus
3085 1863 3501 1922 admonitionem

1903 1943 2174 2009 admittit;
2204 1959 2367 2001 sanus
2396 1955 2573 2003 autem
2605 1964 2793 2019 magna
2824 1965 2945 2005 cum
2976 1952 3249 2023 diligentia
3288 1956 3356 2010 iis
3383 1972 3504 2025 quae

1905 2032 2155 2088 dicuntur
2168 2034 2420 2090 attendit:
2441 2037 2639 2093 idcirco
2661 2048 2716 2094 et
2734 2054 2856 2094 cum
2874 2040 2992 2097 istis
3003 2043 3155 2097 vobis
3168 2046 3326 2099 etiam
3342 2046 3505 2101 collo-

1905 2126 1992 2195 qui
2008 2126 2191 2181 statui.
2215 2127 2662 2199 Prmoecupemus
2677 2132 2912 2187 crastino
2922 2132 3011 2189 die
3029 2145 3234 2204 portas,
3255 2137 3503 2192 obsidea-

1907 2231 2027 2271 mus
2046 2217 2179 2284 vias,
2205 2219 2304 2273 viri
2334 2220 2500 2288 viros,
2531 2221 2744 2277 feminae
2786 2222 3014 2280 feminas
3041 2225 3107 2280 de
3126 2227 3384 2296 jumentis
3407 2229 3507 2286 do-

1911 2306 2184 2365 trahamus
2208 2327 2224 2376 ;
2252 2311 2574 2370 reducamus
2602 2314 2727 2380 huc,
2756 2331 2931 2387 neque
2965 2318 3343 2376 erubescamus
3371 2340 3384 2377 :
3419 2322 3507 2377 ubi

1907 2398 2053 2453 salus
2082 2410 2163 2455 est
2191 2400 2392 2470 fratris,
2427 2404 2601 2473 pudor
2629 2421 2735 2461 non
2762 2415 2864 2461 est.
2897 2407 2952 2463 Si
2979 2409 3098 2464 illos
3123 2425 3229 2465 non
3255 2413 3418 2481 pudet
3440 2414 3506 2469 ad

1907 2488 2144 2560 iniquam
2176 2493 2322 2548 illam
2362 2509 2612 2566 pompam
2641 2498 2876 2567 prodire,
2907 2501 3075 2555 multo
3101 2503 3279 2558 minus
3307 2505 3509 2575 pudere

1908 2596 2008 2636 nos
2045 2583 2205 2638 debet
2232 2585 2350 2640 illos
2390 2587 2456 2641 ad
2501 2603 2707 2643 sacram
2747 2591 2901 2645 istam
2929 2593 3318 2651 solemnitatem
3347 2613 3508 2653 revo—

1907 2685 2055 2728 care.
2087 2671 2219 2728 Cum
2245 2675 2314 2730 de
2357 2677 2528 2733 salute
2577 2677 2758 2734 fratris
2799 2681 2990 2751 agitur,
3020 2685 3152 2739 nihil
3179 2702 3508 2745 recusemus.

1907 2761 2131 2829 Quando
2155 2765 2298 2819 enim
2322 2764 2564 2823 Christus
2587 2779 2807 2840 propter
2849 2789 2946 2829 nos
2976 2786 3220 2831 mortuus
3260 2788 3363 2844 est,
3410 2795 3509 2837 nos

1909 2865 2127 2923 propter
2177 2855 2299 2910 illos
2341 2866 2554 2927 oportet
2599 2870 2789 2916 cuncta
2835 2864 3068 2921 tolerare
3107 2867 3280 2925 :licet
3324 2871 3509 2941 alapas

1909 2942 2222 3014 impingam,
2253 2945 2378 3001 licet
2421 2949 2713 3006 maledictis
2759 2953 3047 3021 incessunt,
3097 2959 3350 3026 retineto,
3398 2977 3501 3019 nec

1908 3035 2058 3102 prius
2083 3034 2341 3103 desistito,
2376 3053 2534 3108 quam
2557 3041 2625 3095 ad
2651 3056 2894 3100 sanctum
2918 3057 3206 3119 martyrem
3234 3067 3326 3124 eos
3349 3054 3510 3110 redu-

1908 3126 2050 3181 xeris
2075 3144 2089 3192 ;
2118 3127 2244 3183 licet
2268 3129 2332 3184 ad
2359 3137 2792 3200 praetereuntium
2819 3117 3078 3205 judicium
3107 3117 3504 3213 provocandam

1909 3216 1996 3280 sit,
2029 3217 2267 3288 audiant,
2294 3222 2385 3290 qui
2412 3223 2593 3279 volent
2627 3244 2640 3280 :
2671 3226 2777 3295 dic,
2803 3228 3020 3287 Salvum
3047 3232 3228 3291 facere
3254 3237 3378 3293 volo
3404 3237 3513 3295 fra-

1908 3317 2067 3378 trem,
2100 3321 2409 3379 pereuntem
2458 3317 2691 3373 animam
2735 3335 2920 3389 cerno,
2971 3339 3146 3396 neque
3188 3330 3510 3399 cognatione

1903 3398 2121 3467 junctos
2149 3416 2362 3470 possum
2391 3415 2738 3464 contemnere
2769 3429 2783 3464 :
2815 3414 3175 3482 reprehendat
3202 3398 3292 3489 qui
3326 3423 3507 3489 volet,

1908 3503 2124 3549 accuset
2141 3497 2229 3564 qui
2258 3497 2422 3564 volet,
2445 3499 2554 3554 imo
2573 3516 2702 3557 vero
2723 3519 2884 3560 nemo
2904 3509 3292 3580 reprehendet;
3321 3529 3511 3572 omnes

1909 3583 2223 3655 laudabunt,
2255 3603 2444 3645 omnes
2483 3593 2893 3662 amplectentur.
2925 3597 3040 3653 Non
3071 3601 3216 3657 enim
3253 3604 3508 3672 pecunia-

1911 3690 2032 3729 rum
2057 3692 2236 3739 causa,
2282 3691 2469 3735 necut
2493 3694 2714 3753 prepter
2737 3686 2919 3742 odium
2963 3690 3228 3759 privatum
3257 3710 3345 3749 me
3374 3695 3508 3751 ulci-

1910 3779 2050 3830 scar,
2074 3781 2175 3822 nec
2190 3767 2259 3822 ob
2273 3769 2432 3823 aliam
2450 3786 2565 3827 rem
2586 3775 2889 3844 quampiam
2912 3781 3221 3836 saecularem
3243 3785 3510 3841 contendo

1909 3870 2217 3927 pugnoque,
2247 3861 2340 3914 sed
2369 3862 2615 3918 fraternae
2644 3867 2830 3922 salutis
2870 3870 3036 3938 gratia
3070 3890 3082 3925 :
3113 3875 3231 3942 quis
3258 3874 3373 3932 hanc
3402 3893 3508 3932 non

1913 3950 2268 4019 approbabit?
2293 3954 2413 4022 quis
2442 3969 2552 4009 non
2597 3955 2832 4013 laudabit
2857 3960 2880 4012 ?
2904 3959 3060 4015 Nulla
3103 3963 3279 4021 carnis
3308 3981 3509 4037 cogna-

1912 4040 2056 4096 tione
2095 4042 2310 4110 junctos
2357 4060 2458 4099 nos
2501 4049 2922 4118 propinquorum
2969 4055 3315 4125 amantiores,
3346 4074 3506 4127 quam

1912 4142 2112 4202 patres,
2157 4135 2405 4204 cognatio
2443 4139 2734 4207 spiritualis
2777 4141 2987 4197 effecit;
3014 4142 3071 4199 Si
3102 4147 3298 4215 velitis,
3347 4150 3509 4205 etiam

1912 4233 2200 4296 martyrem
2229 4227 2508 4284 nobiscum
2537 4245 2870 4289 assumamus
2899 4253 2911 4288 :
2942 4250 3048 4291 non
3074 4239 3217 4292 enim
3243 4242 3510 4297 erubescit

1911 4317 2094 4372 venire
2122 4317 2190 4373 ad
2220 4318 2445 4375 fratrum
2475 4323 2723 4381 salutem.
2758 4325 3080 4396 Objiciamus
3104 4345 3226 4385 eum
3272 4333 3512 4401 ipsorum

1912 4411 2080 4465 oculis
2097 4429 2110 4464 :
2129 4411 2480 4469 reformident
2501 4428 2840 4484 prmsentem,
2866 4431 3214 4478 revereautur
3234 4435 3509 4494 rogantem

1913 4509 1967 4555 et
1977 4501 2344 4557 obsecrantem
2363 4521 2375 4556 :
2391 4520 2499 4559 non
2515 4507 2658 4561 enim
2677 4510 2944 4565 erubescit
2964 4512 3122 4566 etiam
3141 4529 3352 4583 rogare.
3376 4515 3510 4571 Nam

1911 4593 1957 4646 si
1985 4594 2240 4649 Dominus
2257 4595 2377 4665 ejus
2397 4609 2642 4653 naturam
2671 4612 2907 4656 nostram
2935 4613 3115 4674 rogat:
3147 4606 3251 4660 Pro
3278 4607 3505 4678 Christo;

1913 4685 2085 4755 inquit
2105 4686 2321 4753 Paulus,
2341 4690 2590 4756 legatione
2608 4695 2867 4764 fungimur
2892 4705 3147 4767 tamquam
3171 4699 3275 4753 Deo
3301 4713 3514 4771 rogante

1913 4794 2003 4846 per
2029 4778 2568 4844 nos,Rcconciliamini
2595 4782 2701 4838 Deo
2719 4783 3120 4858 (2.Cor.5.20),
3153 4791 3322 4845 multo
3341 4793 3512 4863 magis

1913 4883 2102 4925 servus
2126 4871 2230 4926 hoc
2251 4872 2412 4928 faciet
2439 4892 2455 4929 :
2483 4889 2645 4930 unum
2670 4877 2840 4946 ipsum
2867 4880 3152 4950 contristat
3170 4885 3367 4946 solum,
3393 4899 3517 4953 per-

1911 4959 2044 5015 ditio
2081 4972 2262 5016 nostra
2286 4982 2300 5027 ;
2332 4981 2498 5020 unum
2525 4968 2809 5034 exhilarant,
2834 4971 2976 5024 salus
2996 4980 3200 5040 nostra,
3237 4983 3291 5029 et
3314 4973 3514 5030 idcirco

1913 5051 2049 5105 nihil
2076 5053 2194 5122 ejus
2237 5057 2403 5123 gratia
2445 5057 2720 5126 suscipere
2749 5069 2980 5115 recusat.
3010 5060 3194 5131 Neque
3223 5079 3322 5118 nos
3353 5065 3510 5135 igitur

1917 5142 2315 5207 erubescamus,
2364 5161 2540 5216 neque
2587 5164 3037 5217 supervacaneum
3082 5169 3203 5208 esse
3231 5155 3514 5213 ducamus.

1912 5233 1967 5288 Si
1995 5235 2138 5288 enim
2167 5245 2447 5292 venatores
2473 5238 2586 5292 loca
2611 5251 2900 5309 praerupta,
2929 5252 3141 5299 montes
3161 5255 3214 5300 et
3239 5247 3514 5316 barathra,

1913 5336 1965 5380 et
1993 5327 2131 5381 invia
2159 5343 2383 5399 quaeque
2406 5330 2522 5384 loca
2545 5333 2862 5400 pervadunt,
2891 5349 2986 5389 Seu
3012 5336 3272 5406 leporem,
3291 5349 3381 5393 aut
3414 5355 3504 5394 ca-

1913 5432 2118 5485 pream,
2166 5428 2259 5472 aut
2295 5420 2436 5475 aliud
2486 5422 2756 5492 quidpiam
2797 5425 3082 5496 ejusmodi,
3130 5444 3226 5483 seu
3271 5431 3516 5486 volucres

1912 5508 2071 5562 etiam
2100 5511 2232 5565 istas
2257 5511 2570 5583 plerumque
2590 5516 2881 5586 sylvestres
2902 5520 3083 5573 venari
3105 5520 3274 5575 velint
3301 5539 3316 5580 :
3349 5534 3404 5576 tu
3423 5524 3515 5593 qui

1912 5614 2022 5653 non
2050 5599 2273 5654 bestiam
2303 5602 2489 5668 vilem,
2519 5604 2613 5658 sed
2645 5604 2863 5662 fratrem
2908 5609 3262 5676 spiritualem,
3297 5622 3516 5680 prOplct‘

1914 5707 2076 5761 quem
2107 5704 2350 5750 mortuus
2371 5705 2454 5750 est
2474 5695 2719 5768 Christus
2746 5738 2761 5762 ,
2785 5713 2815 5751 a
2853 5699 3148 5767 perditione
3168 5711 3515 5756 revocaturus

1914 5802 1993 5851 es,
2019 5801 2124 5841 non
2143 5788 2253 5857 jam
2273 5799 2482 5845 montes
2493 5800 2545 5844 et
2573 5791 2760 5860 saltus,
2783 5791 2878 5849 sed
2897 5802 3103 5864 portam
3125 5793 3298 5850 solum
3327 5795 3508 5866 egredi
