4084 6438
544 414 669 470 “675

565 522 763 595 refugis
805 529 860 577 et
899 513 1209 575 erubescis?
1236 527 1394 584 quam
1419 509 1627 565 tandem
1655 522 1862 579 qumso,
1895 504 2099 560 veniam
2121 543 2137 569 ,

564 611 874 670 obtinebis?
900 624 1004 664 non
1029 602 1177 662 audis
1204 605 1493 673 sapientem
1513 599 1791 671 quemdam
1813 605 2136 662 monentem,

564 719 628 760 ac
653 704 940 767 dicentem,
970 699 1060 752 Est
1076 696 1305 766 confusio
1325 692 1579 746 adducens
1597 697 1849 760 peccatum
1873 685 2062 756 (Eccli.
2082 685 2134 739 4.

562 793 698 865 25)ἳ
726 791 831 848 Sed
854 806 921 845 ne
952 785 1303 859 reprehendat
1329 781 1586 853 quispiam
1605 820 1621 847 ,
1651 775 1849 832 limes?
1889 773 2138 829 Transfer

561 886 615 939 in
641 898 725 937 me
741 882 968 951 culpam,
991 879 1079 949 qui
1100 876 1238 941 dixi;
1262 874 1347 930 die
1375 875 1443 928 ita
1469 872 1691 943 iussisse
1705 867 2009 951 doctorem:
2040 879 2138 935 ego

562 984 778 1046 paratus
798 946 914 1028 sum
930 946 1048 1025 cum
1074 969 1198 1035 illis,
1222 968 1309 1038 qui
1331 961 1745 1034 reprehendunt,
1764 946 2059 1026 disceptare
2078 971 2138 1011 ac

564 1068 826 1123 rationem
854 1063 1078 1119 reddere
1110 1079 1122 1115 :
1156 1061 1261 1115 imo
1309 1072 1436 1112 vero
1463 1069 1633 1123 neque
1676 1065 1793 1115 vos,
1841 1063 2013 1118 neque
2040 1062 2140 1102 nos

561 1158 821 1228 quispiam
866 1150 1241 1221 reprehendet,
1287 1143 1493 1202 tametsi
1523 1141 1671 1195 valde
1712 1140 1781 1194 sit
1820 1137 2135 1208 impudens;

559 1227 653 1301 sed
678 1244 966 1300 laudabunt
995 1255 1182 1295 omnes
1201 1279 1215 1303 ,
1244 1253 1303 1292 ac
1326 1250 1423 1290 nos
1449 1248 1593 1288 cura:
1619 1229 1882 1299 studiique
1925 1227 2139 1282 nomine

558 1335 1023 1397 commendabunt,
1070 1345 1176 1384 non
1205 1330 1256 1382 in
1281 1325 1451 1397 patria
1491 1331 1695 1378 tantum
1727 1327 1930 1383 nostra,
1961 1316 2053 1372 sed
2085 1324 2139 1371 et

558 1430 595 1483 ii
622 1430 713 1499 qui
742 1428 945 1482 vicinas
969 1423 1205 1477 habitant
1235 1418 1412 1481 urbes,
1443 1413 1584 1484 quod
1609 1411 1748 1483 apud
1778 1424 1876 1465 nos
1901 1410 1969 1463 sit
1995 1416 2137 1462 tanta

558 1498 651 1574 vis
668 1517 923 1582 caritatis,
953 1522 1128 1567 tantus
1151 1508 1309 1564 ardor
1332 1506 1530 1561 amoris
1561 1504 1610 1558 in
1639 1502 1849 1557 fratres.
1879 1499 1984 1555 Sed
2013 1498 2139 1568 quid

560 1622 660 1678 ego
692 1605 930 1660 homines
971 1601 1128 1656 dico?
1154 1599 1269 1668 ipse
1294 1595 1601 1666 angelorum
1624 1608 1725 1653 nos
1754 1590 2006 1645 Dominus
2030 1588 2131 1642 col-

556 1688 800 1752 laudabit
849 1694 979 1748 Cum
1009 1691 1189 1760 itaque
1229 1687 1547 1758 propositam
1580 1681 1877 1738 mercedem
1916 1679 2129 1734 noveri-

558 1802 716 1853 mus,
766 1798 834 1839 ne
877 1780 1213 1837 venationem
1262 1777 1623 1847 negligamus,
1674 1787 1847 1841 neque
1895 1770 1995 1825 soli
2042 1769 2131 1823 die

554 1879 788 1935 crastino
812 1883 1164 1937 revertamur,
1192 1869 1287 1924 sed
1306 1866 1666 1935 unusquisque
1692 1863 1924 1934 praedam
1948 1876 2131 1916 secum

554 1969 758 2023 habens
786 1965 1047 2020 adveniat.
1101 1960 1156 2015 Si
1201 1959 1290 2013 illa
1339 1965 1539 2010 tantum
1587 1956 1714 2008 hora
1761 1951 1988 2017 veneris,
2035 1962 2137 2019 qua

554 2058 778 2128 quisque
818 2054 978 2110 domo
1014 2062 1258 2121 egressus
1284 2047 1336 2101 in
1374 2046 1512 2100 viam
1558 2058 1615 2099 se
1657 2042 1767 2107 dat,
1817 2053 2044 2112 eumque
2072 2036 2137 2091 ad

1320 401 1378 457 S.
1416 398 1690 456 JOANNIS
1723 393 2201 453 CHRYSOSTOMI
2240 392 2554 449 ARClllEP.
2597 388 3120 447 CONSTANTINOP.

3721 382 3836 436 676

2253 504 2408 572 hujus
2436 504 2537 559 loci
2562 503 2914 558 visitationem
2942 497 3258 563 traduxeris,
3281 496 3425 551 nulla
3452 496 3706 565 deinceps
3726 497 3839 549 erit

2247 596 2565 661 difficultas;
2612 594 2708 650 sed
2760 600 2879 663 post
2922 592 3127 659 lapsum
3173 587 3426 660 temporis
3474 589 3692 641 multam
3741 585 3839 637 ille

2246 702 2456 758 quoque
2487 687 2579 741 tibi
2608 686 2829 756 gratiam
2880 680 3126 745 habebit,
3175 692 3230 736 ct
3273 695 3369 735 vos
3409 680 3586 733 ueteri
3637 692 3838 731 omnes

2246 777 2534 833 laudabunt
2558 784 2614 832 et
2651 774 2874 830 ederent
2906 788 2920 831 :
2953 772 3201 843 quodque
3243 769 3480 824 omnium
3534 767 3833 821 maximum

2244 879 2346 933 est,
2366 869 2529 922 multa
2548 866 2698 921 vobis
2723 865 2791 920 ob
2818 862 3000 917 isthmc
3028 862 3277 916 caelorum
3308 858 3563 912 Dominus
3586 855 3834 910 ςοιιῐυτρι

2244 958 2479 1029 prmmia,
2504 967 2556 1012 et
2579 956 2784 1010 lucrum
2814 952 2953 1007 istud
2978 961 3031 1006 et
3053 944 3261 1004 laudem
3289 948 3520 1018 augebit.
3552 946 3833 1013 Quaestum

2245 1050 2402 1119 igitur
2430 1049 2605 1102 animo
2635 1052 2925 1109 versantes,
2972 1056 3127 1111 quem
3174 1039 3296 1093 inde
3340 1036 3675 1105 colligimus,
3705 1043 3835 1088 ante

2244 1138 2428 1193 urbem
2452 1151 2638 1190 omnes
2663 1135 2813 1188 elTusi
2838 1130 3250 1199 comprehensos
3281 1130 3468 1180 fratres
3491 1136 3705 1180 nostros
3729 1124 3835 1177 huc

2243 1226 2576 1287 reducamus,
2607 1231 2664 1277 ut
2687 1222 2919 1277 crastino
2945 1220 3101 1273 etiam
3130 1218 3217 1272 die
3246 1216 3461 1286 plenum
3496 1215 3652 1269 nobis
3681 1213 3837 1267 thea-

2243 1327 2381 1372 trum
2426 1316 2697 1378 reddatur,
2749 1328 2811 1367 ac
2839 1319 3131 1366 conventus
3177 1310 3244 1361 sit
3273 1306 3539 1378 perfectus
3568 1321 3583 1364 ς
3613 1316 3669 1358 ut
3700 1320 3834 1373 pro-

2244 1423 2359 1480 pter
2404 1410 2504 1464 hoc
2546 1407 2775 1461 studium
2818 1413 3059 1459 nostrum
3100 1416 3164 1456 ac
3202 1401 3527 1470 diligentiam
3558 1400 3645 1454 hic
3672 1400 3834 1452 adhi-

2243 1502 2404 1556 bitam
2452 1500 2504 1555 in
2551 1508 2747 1554 aeterna
2794 1492 3135 1550 tabernacula
3176 1502 3390 1546 sanctus
3417 1500 3620 1559 martyr
3664 1490 3834 1542 multa

2244 1605 2362 1645 cum
2382 1589 2571 1643 ﬁducia
2591 1602 2686 1642 nos
2713 1587 2934 1656 recipiat
2958 1602 2973 1645 ;
2999 1597 3158 1654 quam
3183 1582 3381 1635 utinam
3398 1580 3653 1648 consequi
3678 1578 3837 1633 nobis

2241 1680 2487 1734 omnibus
2507 1678 2795 1746 contingat,
2828 1692 2922 1744 per
2966 1673 3186 1744 gratiam
3216 1679 3270 1724 et
3299 1668 3675 1737 benignitatem
3724 1668 3833 1721 Do.

2242 1770 2369 1822 mini
2394 1768 2560 1822 nostri
2588 1766 2711 1841 .lesu
2754 1765 2973 1825 Christi,
3008 1774 3101 1831 per
3126 1775 3283 1829 quem
3315 1768 3370 1813 et
3397 1774 3516 1812 eum
3545 1773 3652 1827 quo
3683 1758 3835 1812 Patri

2244 1860 2430 1930 gloria,
2464 1874 2563 1912 una
2596 1872 2716 1912 cum
2762 1864 2948 1930 sancto
2987 1862 3042 1909 et
3092 1851 3298 1906 vivifico
3340 1851 3560 1920 Spiritu,
3608 1864 3753 1905 nunc
3777 1857 3838 1903 et

2245 1963 2478 2016 semper,
2502 1954 2557 2002 et
2584 1948 2635 2000 in
2663 1946 2853 2001 saecula
2883 1943 3217 1999 seculorum.
3248 1942 3433 1996 Amen.

588 2333 3792 2402 Mm

1942 2629 1949 2636 ~
1984 2587 2397 2651 ADMONITIO

646 2852 715 2908 Ut
741 2858 895 2907 notat
915 2849 1119 2906 Fronto
1156 2848 1408 2914 Ducazus,
1438 2845 1492 2899 in
1522 2840 1833 2913 Menologio
1859 2840 2173 2896 Graecorum
2212 2835 2449 2907 quodam
2480 2831 2858 2902 manuscripto
2881 2829 2950 2884 ad
2982 2828 3134 2883 diem
3161 2823 3229 2878 16
3258 2819 3583 2879 Novembris
3607 2832 3833 2873 annun-

575 2968 741 3024 tiatur
770 2966 965 3023 festum
1000 2964 1058 3020 S.
1084 2962 1356 3019 Barlaami
1378 2959 1653 3032 martyris,
1688 2954 2149 3028 quemadmodum
2179 2959 2235 3007 et
2262 2951 2317 3004 in
2345 2947 2729 3019 Martyrologio
2758 2944 3028 2999 Romano.
3053 2940 3173 2995 Alia
3198 2951 3331 2993 vero
3356 2935 3672 2991 Graecorum
3712 2930 3832 2983 Me-

578 3084 801 3154 nologie
824 3083 930 3138 hoc
959 3080 1154 3138 festum
1190 3081 1255 3134 ad
1287 3077 1553 3133 decimam
1581 3088 1785 3130 nonam
1812 3069 2133 3127 Novembris
2156 3068 2421 3125 referunt.
2448 3065 2555 3121 Sed
2580 3065 2743 3134 longe
2762 3062 2870 3117 alia
2898 3064 3219 3130 tempestate
3239 3070 3304 3110 ea
3338 3050 3659 3109 solemuitas
3693 3054 3838 3100 tem-

573 3217 707 3273 pore
732 3199 1107 3270 Cbrysostomi
1128 3196 1523 3254 celebrabatur.
1553 3191 1686 3249 Nam
1712 3193 1766 3247 in
1798 3190 2023 3246 homilia
2045 3190 2100 3245 in
2128 3188 2262 3244 illud
2284 3186 2530 3258 Apostoli
2562 3184 2792 3248 dictum,
2824 3179 2969 3236 Nolo
2998 3195 3085 3233 vos
3111 3178 3375 3248 ignorare,
3411 3171 3655 3234 Fratres,
3689 3166 3832 3237 quod

577 3316 766 3372 Patres
804 3317 973 3371 nostri
1000 3333 1178 3371 omnes
1213 3314 1307 3370 sub
1339 3314 1473 3369 nube
1505 3312 1742 3380 fuerunt,
1776 3320 1907 3374 etc.,
1943 3324 2066 3380 qua:
2094 3307 2319 3363 homilia
2344 3307 2433 3362 die
2471 3304 2671 3359 festum
2699 3302 2758 3357 S.
2797 3300 3068 3357 Barlaami
3103 3294 3255 3370 [681]
3286 3294 3609 3364 insequente
3640 3288 3834 3344 habita

573 3440 679 3497 est,
713 3442 772 3486 ut
795 3430 993 3486 ibidem
1027 3431 1101 3484 ait
1124 3428 1569 3501 Chrysostomus,
1599 3428 1804 3483 diserte
1829 3426 1964 3482 dicit
1991 3423 2050 3480 S.
2102 3424 2292 3479 doctor
2317 3423 2568 3493 hyemem
2602 3386 2725 3489 jam.
2757 3417 3087 3489 praeteriisse
3112 3422 3467 3480 aestatemque
3493 3406 3783 3462 advenisse
3812 3424 3833 3462 ε

577 3544 817 3600 Liberati
843 3561 1046 3611 sumus,
1102 3544 1299 3615 inquit,
1332 3543 1534 3614 hyeme,
1572 3550 1621 3595 et
1660 3550 1845 3608 testate
1873 3540 2223 3610 perfruimur,
2278 3536 2468 3591 blande
2497 3535 2707 3606 aﬂlante
2749 3531 2994 3601 zephyro.
3029 3529 3162 3595 Quae
3188 3542 3313 3583 cum
3358 3525 3425 3581 ad
3462 3522 3833 3580 Novembrcm

577 3676 818 3719 mensem
849 3662 1074 3719 minime
1124 3663 1393 3732 quadrare
1430 3661 1663 3724 valeant,
1718 3660 1847 3714 hinc
1875 3673 2006 3715 sane
2053 3659 2408 3728 consequitur
2439 3657 2596 3725 longe
2637 3651 2856 3707 diverso
2899 3650 3026 3704 anni
3061 3656 3308 3718 tempore
3334 3644 3667 3702 celebratum
3697 3653 3836 3698 tune

1585 3939 1750 3949 0—..-

1754 3918 3809 3949 __________________________________._____..._—————

1009 4134 1556 4211 LAUDATIO
1612 4128 1995 4205 SANCTI
2048 4127 2636 4201 MABTYRIS
2684 4130 3215 4203 BARLAAM
3269 4115 3380 4217 (⁸),

2039 4308 2347 4369 m

652 4476 706 4529 ί.
738 4472 914 4528 Omnis
941 4477 1156 4542 potestas
1185 4468 1448 4539 impatiens
1473 4468 1714 4522 consortis
1750 4472 1840 4519 est.
1860 4490 1933 4505 --
1960 4461 2036 4515 Ad
2062 4475 2142 4515 sa-

573 4577 720 4618 cram
750 4562 903 4616 istam
927 4560 1315 4615 solemnitatem
1346 4556 1645 4626 festumque
1672 4555 1860 4609 beatus
1899 4567 1997 4607 nos
2023 4550 2152 4605 Bar-

575 4657 713 4710 laam
753 4651 1093 4718 convocavit,
1146 4665 1253 4707 non
1296 4658 1355 4704 ut
1392 4649 1564 4718 ipsum
1606 4647 1903 4711 laudemus,
1954 4643 2050 4699 sed
2094 4652 2152 4697 ut

574 4748 747 4815 ipsum
785 4743 1128 4809 aemulemur;
1170 4756 1276 4796 non
1304 4750 1363 4795 ut
1406 4737 1616 4793 laudum
1653 4738 1820 4792 simus
1846 4734 2146 4799 auditores,

577 4835 671 4889 sed
700 4843 757 4890 ut
783 4833 1158 4903 prmclarorum
1180 4831 1295 4901 ejus
1317 4829 1607 4884 facinorum
1630 4827 1817 4881 ﬁamus
1838 4826 2145 4880 imitatores.

582 4927 637 4980 ιιι
682 4925 1022 4981 saecularibus
1069 4922 1279 4992 quidem
1326 4918 1521 4986 rebus,
1564 4918 1654 4988 qui
1700 4917 1765 4972 ad
1814 4916 2150 4986 magistratus

577 5028 816 5069 summos
856 5011 1232 5082 provehuntur,
1262 5008 1403 5063 haud
1447 5008 1581 5061 alios
1619 5020 1865 5075 umquam
1910 5004 2147 5075 ejusdem

584 5102 801 5159 honoris
830 5102 1187 5171 praerogativa:
1214 5106 1489 5154 consortes
1512 5097 1708 5153 vellent
1737 5110 1955 5151 cernere
1975 5112 1988 5147 :
2010 5094 2149 5148 livor

578 5197 719 5250 enim
748 5194 856 5248 illic
884 5201 937 5247 et
963 5192 1156 5246 invidia
1196 5190 1439 5246 dividunt
1479 5189 1749 5244 caritatem
1779 5204 1789 5237 :
1820 5189 1872 5240 in
1898 5186 2155 5269 spirilna-l

576 5288 717 5344 libus
744 5302 873 5341 vero
899 5301 1006 5339 non
1053 5285 1123 5338 ita
1145 5326 1159 5348 ,
1192 5283 1285 5338 sed
1327 5282 1649 5335 contrarium
1693 5279 1898 5347 penitus
1927 5276 2102 5331 evenit
2132 5294 2145 5328 :

572 5389 697 5432 tunc
734 5376 872 5431 enim
914 5375 1142 5429 maxime
1181 5373 1399 5428 honoris
1443 5371 1638 5440 proprii
1684 5384 1893 5423 sensum
1934 5368 2148 5437 capiunt

572 5476 854 5539 martyres.
881 5482 1001 5521 cum
1048 5481 1173 5520 suos
1210 5478 1501 5520 conservos
1541 5462 1609 5517 ad
1636 5462 1891 5517 bonorum
1930 5476 2144 5515 suorum

637 5665 710 5726 (ο)
742 5661 916 5713 collata
940 5678 1047 5713 cum
1074 5672 1175 5713 Mss.
1204 5664 1361 5727 negiis
1401 5661 1534 5722 19359,
1562 5668 1611 5710 et
1633 5660 1771 5709 2543.

2260 4467 2584 4518 consortium
2612 4466 2839 4523 viderint
2868 4472 3194 4538 pervenisse.
3221 4468 3403 4540 Itaque
3428 4472 3470 4525 si
3496 4471 3616 4542 quis
3643 4482 3852 4545 marty-

2259 4570 2345 4609 res
2375 4557 2605 4635 laudare
2628 4560 2775 4623 velit,
2803 4571 3064 4631 martyres
3094 4561 3331 4616 imitetur
3360 4580 3375 4616 :
3404 4563 3449 4616 si
3477 4562 3599 4633 quis
3629 4564 3848 4632 religio-

2256 4646 2340 4700 nis
2366 4648 2596 4704 athletas
2616 4650 2888 4706 celebrare
2908 4654 3188 4722 praeconiis
3215 4654 3362 4716 velit.
3393 4654 3602 4708 illorum
3633 4653 3847 4709 labores

2258 4738 2537 4793 aemuletur
2567 4786 2578 4794 .
2614 4738 2715 4794 hoc
2745 4743 2913 4796 nihilo
2943 4743 3226 4804 minorem,
3257 4758 3416 4811 quam
3458 4743 3669 4811 propria
3699 4755 3846 4799 recte

2255 4825 2412 4892 facta,
2442 4830 2765 4902 martyribus
2789 4832 2975 4887 afferet
3014 4834 3363 4902 voluptatem.
3394 4833 3568 4904 Atque
3597 4842 3654 4888 ut
3682 4833 3843 4890 intel-

2256 4921 2387 4991 ligas
2414 4933 2537 4978 tunc
2565 4939 2659 4978 eos
2689 4925 2957 4995 petecipue
2983 4940 3075 4979 sua
3094 4925 3231 4979 bona
3254 4925 3474 4989 sentire,
3502 4939 3624 4980 cum
3651 4927 3705 4979 in
3732 4938 3845 4979 tuto

2255 5028 2354 5067 nos
2399 5014 2626 5070 viderint
2671 5016 2977 5081 collocatos,
3025 5031 3246 5086 remque
3285 5017 3428 5071 illam
3467 5018 3703 5071 maxime
3740 5019 3840 5072 sibi

2257 5101 2445 5157 honori
2473 5104 2688 5168 ducere,
2718 5105 2935 5159 Paulum
2957 5105 3219 5160 dicentem
3246 5106 3369 5159 audi
3395 5125 3409 5160 :
3433 5105 3585 5159 Nunc
3607 5107 3842 5176 vivimus,

2256 5194 2297 5247 si
2324 5211 2407 5247 vos
2435 5196 2580 5249 statis
2604 5197 2656 5249 in
2681 5194 2895 5249 Domino
2927 5198 3001 5265 (l.
3020 5196 3197 5250 Thess.
3219 5198 3270 5251 5.
3292 5195 3369 5268 8).
3398 5197 3461 5250 Et
3482 5213 3607 5269 vero
3628 5198 3844 5269 Moyses

2256 5296 2379 5341 ante
2424 5289 2564 5341 hunc
2594 5289 2702 5343 Det)
2731 5287 2969 5353 dicebat,
2999 5289 3060 5343 Si
3097 5290 3295 5356 quidem
3319 5289 3530 5342 dimittis
3556 5291 3627 5343 eis
3658 5307 3846 5359 perca-

2258 5386 2384 5443 tum,
2417 5379 2610 5432 dimitte
2637 5395 2656 5434 :
2681 5379 2758 5432 sin
2801 5388 2989 5442 autem,
3023 5380 3134 5432 dele
3160 5396 3237 5431 mc
3263 5379 3324 5432 de
3367 5379 3492 5432 libro
3532 5396 3677 5448 quem
3715 5383 3851 5433 scri—

2258 5469 2400 5538 psisti
2432 5468 2633 5543 (Exod.
2677 5469 2763 5524 52.
2812 5470 2903 5524 51.
2948 5469 3039 5539 '52)
3076 5470 3384 5525 :emlestcm
3422 5470 3680 5524 honorem
3729 5487 3836 5526 non

2255 5560 2429 5613 sentio
2474 5570 2689 5630 propter
2718 5562 2939 5615 istorum
2984 5560 3336 5614 calamitatem
3366 5578 3379 5613 :
3409 5562 3649 5631 corporis
3686 5578 3837 5629 quae-

2254 5651 2374 5707 dam
2404 5654 2662 5708 connexio
2689 5663 2771 5709 est
2813 5663 2866 5708 et
2895 5662 3156 5708 structura
3199 5661 3370 5707 canus
3399 5651 3635 5707 fidelium
3666 5670 3677 5705 :
3707 5653 3833 5721 quid
