4084 6430
238 444 346 502 675

242 560 404 633 μόνον
441 558 646 631 ἀναδύῃ
699 557 795 613 καὶ
842 556 1130 631 ὲρυθριᾷςς
1159 556 1257 613 καὶ
1290 555 1450 609 ποίαν
1493 552 1658 619 ἕξεις,
1693 550 1816 605 εἰπέ

242 658 353 713 μοι,
399 640 765 712 συγγνώμηνς
822 640 924 694 οὐκ
955 641 1177 704 ἀκούεις
1217 638 1384 708 σοφοῦ
1424 653 1570 700 τινος
1616 651 1816 705 παραι-

241 717 461 786 νοῦντος
512 722 606 777 καὶ
638 723 906 792 λέγοντος⁵
945 724 1160 777 Ἔστιν
1195 722 1458 792 αἰσχύνη
1505 716 1817 787 ἐπάγουσα

239 807 566 881 dpaptlar;
595 806 760 861 Ἀλλά
791 807 1040 869 δέδοικας
1080 806 1154 877 μή
1209 822 1297 868 τις
1331 803 1638 874 ἐγκαλέσῃ;
1672 800 1819 854 Μετ-

239 895 415 961 άγαγε
439 892 536 962 τὴν
563 889 745 944 αἰτίαν
768 892 855 943 ἐπ’
882 890 983 960 ἐμὲ
1001 888 1092 943 τὸν
1113 888 1391 959 εἰρηκότασ
1427 886 1550 940 εἰπὲ
1576 884 1659 937 ὅτι
1689 884 1717 936 ό
1740 882 1818 935 δι-

239 972 511 1035 δάσκαλος
550 971 726 1035 οὕτως
753 973 1062 1026 ἐκέλευσεν
1100 972 1323 1041 ἕτοιμος
1363 968 1473 1037 ἐγὼ
1499 963 1818 1030 δικάζεσθαι

230 1058 354 1118 τοῖς
399 1054 694 1122 ἐγκαλοῦσι
728 1055 824 1110 καὶ
876 1057 1187 1125 παρασχεῖν
1224 1052 1474 1115 εὐθύνας·
1532 1049 1731 1122 μᾶλλον
1760 1047 1817 1100 δὲ

230 1137 365 1191 οῦτε
422 1138 570 1207 ὑμῖν,
621 1136 747 1191 οὔτε
799 1139 933 1208 ἡμῖν
986 1137 1276 1205 ἐγκαλέσει
1320 1152 1427 1199 τις,
1467 1134 1573 1187 κᾶν
1615 1131 1820 1202 σφόδρα

231 1221 595 1291 ἀναίσχυντος
619 1216 675 1294 ᾗ,
704 1220 820 1274 ἀλλ’
859 1220 1211 1284 ἀποδέξονται
1237 1218 1460 1281 πάντες,
1490 1216 1585 1271 καί
1610 1215 1819 1284 θαυμά-

235 1319 430 1355 σονται
464 1302 564 1371 τῆς
596 1302 927 1373 κηδεμονίας
957 1303 1127 1374 ἡμᾶς,
1159 1303 1280 1372 οὐχὶ
1319 1300 1370 1355 οἰ
1402 1302 1458 1355 ὲν
1502 1301 1570 1369 τῇ
1601 1295 1820 1366 πατρίδι

230 1386 302 1453 τῇ
336 1383 584 1454 ἡμετέρᾳ
630 1383 811 1453 μόνον,
844 1382 982 1437 ἀλλά
1028 1385 1124 1437 καὶ
1150 1386 1201 1436 οἰ
1220 1383 1319 1446 τάς
1354 1382 1602 1450 γείτονας
1636 1378 1821 1441 πόλεις

229 1466 535 1527 οἰκοῦντες,
568 1465 650 1516 δτι
678 1464 915 1535 τοσαύτη
952 1466 1079 1536 παρ’
1117 1467 1251 1536 ἡμῖν
1280 1465 1502 1533 ἀγάπης
1545 1462 1818 1532 τυραννὶς,

227 1545 492 1609 τοσοῦτος
528 1545 914 1617 φιλοστοργίας
936 1547 1117 1617 ζῆλος.
1151 1546 1310 1600 Ἀλλά
1339 1547 1393 1598 τί
1424 1546 1566 1613 λέγω
1589 1546 1715 1608 τοὺς
1730 1545 1823 1598 ἀν-

231 1628 520 1698 θρώπους
566 1630 729 1692 αὐτὸς
773 1632 802 1683 ὁ
844 1629 955 1682 τῶν
1006 1630 1253 1699 ἀγγέλων
1303 1631 1451 1701 ἡμᾶς
1505 1626 1822 1691 ἀποδέξεται

231 1712 534 1781 Δεσπότης.
565 1712 786 1774 Εἰδότες
820 1706 914 1764 οῦν
947 1711 1041 1764 τὸν
1093 1712 1303 1782 μισθὸν,
1351 1710 1427 1781 μὴ
1477 1710 1821 1780 καταφρονή-

234 1810 423 1861 σωμεν
461 1795 561 1863 τῆς
590 1792 786 1864 Θήρας,
830 1793 965 1864 μηδὲ
1000 1793 1388 1863 ἐπανέλθωμεν
1419 1792 1570 1862 μόνοι
1606 1789 1814 1861 αὔριον,

230 1876 353 1928 ἀλλ’
374 1876 603 1938 ἕκαστος
631 1876 730 1945 τὴν
761 1875 938 1944 ἄγραν
974 1875 1112 1945 ἔχων
1149 1874 1267 1945 μεθ’
1302 1874 1499 1928 ἑαυτοῦ
1533 1872 1677 1927 οὕτω
1714 1888 1819 1926 πα-

238 1958 571 2029 ραγενέσθω.
606 1960 705 2011 Ἂν
733 1957 834 2028 τὴν
861 1956 1011 2029 ὥραν
1044 1958 1263 2028 ἐκείνην
1298 1956 1583 2029 παραγένῃ
1635 1956 1816 2028 μόνον,

236 2044 366 2098 καθ’
388 2046 455 2114 ἢν
483 2044 583 2114 τῆς
622 2043 799 2105 οἰκίας
846 2040 1006 2107 ἐξιὼν
1035 2042 1267 2097 ἅπτεται
1300 2040 1400 2111 τῆς
1422 2040 1562 2107 όδοῦ,
1597 2042 1692 2095 καὶ
1718 2057 1816 2112 με-

1300 433 1369 492 IN
1409 434 1468 491 ὃ.
1502 430 1943 490 ΒΑιιιΑΑΜυΜ
1981 430 2391 486 MARTYREM.

3392 427 3497 482 676

1915 550 2196 623 ταστήσῃς
2229 548 2394 603 αὐτὸν
2428 546 2566 618 πρὸς
2609 545 2709 617 τὴν
2757 543 2991 600 ἐνταῦθα
3037 540 3245 612 ἄφιξιν,
3275 542 3500 614 οὐδεμία

1915 631 2101 685 λοιπὸν
2126 632 2279 685 ἔσται
2303 629 2585 692 δυσκολία,
2610 629 2749 683 ἀλλά
2775 627 2870 682 τοῦ
2905 625 3102 697 καιροῦ
3139 623 3501 696 παρελθόντος

1917 714 2118 785 πολλὴν
2161 713 2368 767 εἴσεταί
2396 730 2479 765 σοι
2505 712 2760 775 κάκεῖνος
2807 710 2907 781 τὴν
2932 708 3115 779 χάριν,
3147 707 3244 761 καὶ
3273 707 3323 760 οἰ
3349 706 3501 761 ἄλλοι

1919 799 2122 863 πάντες
2152 797 2537 853 ὲπαινέσουσιν
2589 796 2755 866 ὑμᾶς,
2795 794 2891 847 καὶ
2941 792 3302 863 θαυμάσουσιο
3348 791 3445 843 καὶ
3472 789 3502 842 δ

1919 881 2140 935 πάντων
2173 877 2361 952 μεῖζόν
2392 880 2565 942 ἐστιν,
2597 878 2625 930 ό
2649 875 2759 930 τῶν
2783 874 3033 946 οὐρανῶν
3062 872 3340 942 Δεσπότης
3372 870 3503 924 πολ-

1917 965 2045 1029 λοὺς
2077 967 2207 1036 ὑμῖν
2268 963 2410 1034 ὑπὲρ
2462 961 2672 1015 τούτων
2715 959 3061 1031 παρασχήσει
3088 957 3217 1018 τοὺς
3252 953 3501 1037 μισθοὺς,

1920 1048 2014 1101 καὶ
2042 1048 2140 1113 τὴν
2164 1046 2438 1118 ἐμπορίαν
2456 1044 2666 1116 ταύτην
2691 1043 2788 1097 καὶ
2818 1042 2908 1095 τὸν
2936 1040 3160 1094 ἔπαινον
3190 1037 3498 1091 πλεονάσει.

1933 1129 2272 1193 Ἐννοοῦντες
2296 1129 2477 1183 τοίνυν
2501 1128 2561 1182 τὸ
2589 1126 2781 1198 κέρδος
2808 1124 2869 1179 τὸ
2887 1123 3098 1177 ἐκεῖθεν
3117 1123 3251 1192 ἡμῖν
3275 1134 3502 1192 προσγι-

1919 1212 2168 1283 νόμενον,
2214 1213 2322 1283 πρδ
2358 1212 2461 1281 τῆς
2498 1210 2706 1273 πόλεως
2736 1205 3059 1278 ἐκχυθέντες
3102 1204 3365 1267 ἅπαντες,
3405 1201 3503 1256 καὶ

1922 1296 2277 1360 συλλαϐόντες
2305 1295 2432 1359 τοὺς
2457 1293 2761 1365 ἡμετέρους
2778 1290 3043 1360 ἀδελφοὺς
3059 1285 3500 1355 ὲπαναγάγωμεν

1921 1378 2178 1443 ἐνταῦθα,
2202 1379 2290 1432 ἵνα
2315 1377 2412 1430 καὶ
2449 1374 2793 1447 αῦριονοήμῖν
2823 1372 3035 1445 πλῆρες
3063 1371 3124 1425 τὸ
3153 1369 3379 1440 θέατρον
3407 1368 3505 1435 γέ-

1922 1478 2101 1532 νηται,
2121 1463 2216 1514 καὶ
2246 1460 2390 1514 οὕτω
2419 1457 2807 1530 ἀπηρτισμένη
2827 1458 2862 1527 ἡ
2897 1456 3227 1526 πανήγυριςο
3252 1451 3318 1505 ἶν’
3360 1449 3504 1520 ὑπὲρ

1922 1547 2021 1617 τῆς
2046 1542 2281 1598 ἐνταῦθα
2324 1542 2563 1612 σπουδῆς
2588 1542 2671 1605 εἰς
2699 1538 2802 1605 τάς
2835 1539 3088 1604 αἰωνίους
3111 1538 3259 1610 ἡμᾶς
3283 1532 3501 1617 δέξηται

1924 1610 2129 1699 σκηνὰς
2161 1627 2188 1678 ὁ
2212 1624 2368 1693 ἀγιος
2401 1610 2614 1696 μάρτυς
2649 1622 2787 1694 μετά
2820 1620 3137 1694 παρρησίας
3184 1616 3406 1699 πολλῆς·
3434 1610 3505 1687 ἦς

1922 1698 2134 1778 γένοιτο
2168 1708 2379 1771 πάντας
2422 1708 2571 1777 ἡμᾶς
2615 1707 2915 1776 ἐπιτυχεῖν,
2946 1703 3132 1775 χάριτι
3180 1701 3277 1754 καὶ
3313 1698 3505 1778 rptlav:

1924 1771 2143 1863 θρωπίᾳ
2195 1790 2290 1843 τοῦ
2346 1771 2564 1859 Κυρίου.
2608 1771 2986 1857 ήμῶν-Ἰησοῦ
3027 1771 3292 1856 Χριστοῦ,
3325 1781 3393 1835 δι’
3440 1771 3503 1834 οῦ

1924 1875 2018 1929 καὶ
2052 1874 2170 1945 μεθ’
2196 1866 2256 1928 οῦ
2280 1872 2357 1944 τῷ
2378 1873 2556 1944 Πατρί¹
2584 1871 2785 1943 ήδόξα.
2813 1871 2932 1941 ἀμα
2955 1868 3037 1940 τῷ
3066 1868 3206 1938 ἁγίῳ
3233 1867 3330 1921 καὶ
3364 1867 3503 1930 ζωο-

1925 1957 2064 2028 ποιῷ
2083 1957 2384 2027 Πνεύματι,
2408 1955 2502 2009 νῦν
2525 1955 2617 2008 καὶ
2646 1954 2755 2021 ἀεὶ,
2779 1954 2875 2007 καὶ
2906 1954 2987 2017 εἰς
3012 1951 3137 2016 τοὺς
3165 1949 3368 2015 αἰῶνας
3393 1946 3503 2003 τῶν

1927 2042 2162 2095 αἰώνων.
2199 2040 2391 2111 ’Δμήν.

234 2408 3473 2459 Mm

1009 2654 1109 2714 AD
1136 2652 1518 2714 HOMILIAM
1546 2650 1627 2712 IN
1665 2651 1728 2710 S.
1761 2649 2246 2710 BARLAAMUM
2282 2649 2735 2711 MARTYBEM.

230 2898 410 2955 fuisse
484 2898 788 2955 Antiochia:
843 2897 902 2953 S.
960 2897 1231 2953 Barlaami
1289 2895 1549 2968 martyris
1615 2895 1836 2951 festum.
1912 2894 2221 2950 Antiochiae
2289 2885 2403 2950 diXi
2462 2914 2477 2950 :
2536 2911 2663 2951 nam
2717 2910 2783 2952 ea
2845 2896 2900 2951 in
2958 2895 3096 2953 urbe
3148 2896 3345 2953 concio
3419 2895 3512 2951 illa

231 3014 425 3070 habita
454 3022 539 3070 est
575 3034 589 3069 :
619 3014 673 3068 in
700 3014 860 3084 cujus
882 3014 1050 3083 agris,
1076 3021 1137 3068 ut
1165 3011 1366 3068 ibidem
1396 3011 1621 3077 dicitur,
1650 3009 1955 3082 frequentia
1991 3018 2293 3081 martyrum
2326 3010 2572 3080 sepulcra
2594 3010 2902 3080 exstabant,
2927 3026 3038 3084 quo
3070 3011 3349 3069 conﬂuere
3373 3012 3515 3066 sole.

236 3134 374 3189 bant
415 3143 686 3203 quotquot
731 3147 797 3188 ex
853 3132 1068 3189 civibus
1117 3130 1438 3187 eorumdem
1487 3139 1792 3201 martyrum
1836 3130 2161 3186 memoriam
2217 3130 2482 3197 recolere,
2538 3132 2897 3204 ipsorumque
2939 3131 3180 3203 praesidii
3231 3137 3514 3187 consortes

234 3265 364 3308 esse
415 3250 672 3306 volebant
721 3269 736 3305 :
790 3250 938 3319 quod
1000 3263 1135 3306 sane
1200 3247 1508 3304 Antiochia:
1564 3253 1877 3318 competere
1921 3259 2086 3301 nemo
2138 3247 2438 3319 negaverit.
2490 3246 2572 3302 Ad
2615 3247 2733 3304 haec
2798 3262 2926 3305 vero
2982 3248 3051 3304 ad
3111 3248 3317 3303 calcem
3360 3248 3510 3313 ejus-

238 3364 366 3420 dem
444 3380 610 3436 supra
682 3372 996 3421 memoratae
1070 3363 1342 3429 homilize,
1388 3363 1498 3417 τῶν
1561 3361 1822 3434 προέδρωε

1925 3361 2174 3416 ἁπάντων
2252 3375 2443 3431 preces
2504 3361 2746 3433 postulat
2820 3379 2837 3416 :
2906 3370 2965 3417 at
3034 3359 3514 3432 Constantinopoli

240 3480 507 3550 πρόεδρον
561 3480 773 3535 nullum
815 3479 1243 3552 Chrysostomus
1278 3486 1525 3546 noverat,
1557 3478 1673 3549 ipse
1697 3492 1989 3548 supremus
2010 3477 2258 3535 omnium
2299 3492 2523 3550 praeses.
2556 3478 2776 3537 Annum
2820 3492 2969 3546 vero,
3003 3493 3113 3550 quo
3140 3478 3286 3535 hanc
3322 3477 3529 3533 habuit-

244 3592 549 3659 homiliam,
579 3607 647 3647 ne
678 3593 997 3662 conjectura
1025 3592 1245 3662 quidem
1273 3592 1558 3663 assignare
1582 3605 1902 3662 possumus.

320 3701 702 3774 lntcrprctatio
733 3702 926 3759 Latina
966 3718 1051 3761 es:
1077 3704 1379 3761 Frontonis
1414 3703 1617 3760 Ducazi.

267 4018 556 4033 ﬂ

584 4214 1173 4308 ΕΓΚΩΜΙΟΝ
1244 4222 1416 4306 ΕΙΣ
1465 4224 1690 4308 ΤΟΝ
1757 4224 2094 4311 ΑΓΙΟΝ
2140 4224 2649 4317 ΜΑΡΤΥΡΑ
2691 4228 3206 4324 ΒΑΡΛΑΑΜ

315 4775 387 4856 α’.
417 4768 782 4856 Συνεκάλεσεν
808 4772 955 4856 ἡμᾶς
987 4774 1068 4838 εἰς
1096 4775 1195 4847 τὴν
1228 4777 1377 4848 ἱερὰν
1402 4779 1608 4850 ταύτην
1636 4783 1828 4856 ἑορτὴν

239 4854 339 4906 καὶ
373 4853 684 4924 πανήγυριν
712 4856 740 4906 ό
782 4854 1052 4927 μακάριος
1090 4858 1373 4930 Βαρλαάμ,
1404 4863 1501 4933 οὐχ
1534 4865 1621 4918 ἵνα
1662 4853 1826 4921 αύτδν

241 4934 645 5019 ἰπαινέσωμεν,
694 4937 930 4995 ἀλλ”ἴνα
981 4941 1144 4994 αὐτὸν
1180 4941 1536 5013 ζηλώσωμενσ
1585 4950 1684 5019 οὐχ
1738 4950 1825 5003 ἵνα

240 5018 516 5101 ἀκροαταί
541 5019 829 5089 γενώμεθα
858 5022 966 5074 τῶν
992 5023 1302 5092 ἐγκωμίων,
1325 5026 1437 5079 ἀλλ’
1468 5028 1554 5081 ἵνα
1591 5018 1824 5101 μιμηταὶ

241 5098 533 5169 γενώμεθα
575 5100 686 5153 τῶν
714 5102 877 5155 αὐτοῦ
927 5105 1385 5177 κατορθωμάτων.
1432 5110 1556 5163 Ἐπί
1589 5098 1687 5182 μὲν
1731 5111 1823 5169 οὖν

242 5179 355 5232 τῶν
395 5179 663 5257 βιωτικῶν
694 5187 1058 5255 πραγμάτων,
1110 5189 1209 5241 οὐκ
1248 5190 1313 5242 ἂν
1351 5190 1555 5245 ἓλοιντό
1589 5179 1719 5248 ποτε
1775 5201 1823 5250 οἰ

241 5260 381 5350 πρὸς
404 5262 506 5350 ea;
536 5265 779 5350 μεγάλας
800 5268 1182 5333 ἀναὸαίνοντες
1204 5273 1379 5344 ἀρχὰς
1398 5273 1617 5344 ἐτέρους
1642 5293 1827 5350 κοινω-

239 5344 366 5427 νοὺς
391 5345 494 5427 τῆς
527 5348 699 5418 αὐτῆς
731 5351 1025 5422 προεδρίας
1060 5353 1206 5404 ἰδεῖψ
1243 5353 1434 5421 φθόνος
1456 5355 1566 5427 γὰρ
1595 5357 1712 5410 ἐκεῖ
1730 5344 1824 5413 καὶ

236 5426 517 5482 ὅασκανία
547 5428 901 5484 διακόπτουσι
924 5434 1021 5500 τὴν
1046 5435 1284 5504 ἀγάπην·
1315 5438 1407 5490 ἐπὶ
1434 5438 1492 5490 δὲ
1521 5438 1630 5491 τῶν
1656 5458 1814 5494 πνευ-

239 5508 491 5594 ματικῶν
517 5511 614 5582 οὐχ
642 5512 834 5577 οὕτως,
873 5515 1010 5569 ἀλλά
1043 5516 1356 5572 τούναντίον
1380 5519 1546 5574 ἃπαψ
1567 5522 1688 5575 τότε
1715 5524 1824 5594 γάρ

241 5590 479 5673 μάλιστα
523 5593 626 5662 τῆς
652 5595 861 5657 οἰκείας
888 5598 1055 5668 τιμῆς
1082 5598 1332 5669 αἴσθησιν
1372 5590 1747 5673 λαμϐάνουσιν
1773 5590 1821 5659 οἰ

241 5671 553 5760 μάρτυρες,⁸
573 5676 720 5760 -ὂταν
766 5678 894 5742 τοὺς
948 5681 1261 5746 συνδούλους
1290 5684 1414 5748 τοὺς
1446 5671 1654 5740 ἑαυτῶν
1685 5690 1821 5760 πρὸς

236 5753 333 5823 τὴν
376 5755 487 5807 τῶν
517 5757 659 5811 ἰδίων
684 5761 907 5827 ἀγαθῶν
957 5766 1238 5819 κοινωνίαν
1271 5767 1583 5834 φθάσαντας
1615 5753 1817 5825 ἴδωσιν.

1933 4787 2033 4857 τῆς
2050 4787 2352 4851 εὐσεϐείας,
2372 4788 2615 4859 ζηλούτω
2648 4789 2739 4844 τὸν
2761 4790 2988 4844 ἐκείνων
3015 4791 3199 4846 πόνονο
3220 4791 3381 4847 τοῦτο
3402 4796 3517 4859 τοῖς

1937 4872 2201 4942 μάρτυσιν
2221 4873 2320 4925 οὐκ
2337 4871 2543 4926 ἐλάττω
2570 4872 2679 4927 τῶν
2708 4874 2928 4928 οἰκείων
2963 4875 3409 4947 κατορθωμάτων
3436 4880 3514 4932 ol-

1935 4971 2017 5006 σει
2046 4954 2141 5023 τὴν
2181 4954 2393 5026 ἡδονήν.
2434 4954 2547 5009 Καὶ
2577 4955 2665 5009 ἴνα
2699 4955 2877 5029 μάθῃς
2899 4958 2980 5010 ὃτι
3004 4958 3127 5011 τότε
3172 4959 3408 5029 μάλιστα
3426 4964 3515 5014 αἰ-

1933 5029 2219 5090 σθάνονται
2240 5037 2350 5089 τῶν
2399 5039 2613 5093 οἰκείων
2646 5040 2888 5109 ἀγαθῶν,
2924 5042 3054 5095 ὅταν
3081 5044 3228 5112 ἡμᾶς
3252 5043 3438 5098 ίδωσιν
3458 5047 3517 5099 ὲν

1930 5119 2198 5191 ἀσφαλείᾳ
2250 5120 2426 5187 ὄντας,
2478 5123 2571 5174 καὶ
2624 5124 2888 5194 μεγίστην
2943 5123 3111 5194 τιμὴν
3170 5126 3232 5178 τὸ
3282 5128 3515 5198 πρᾶγμα

1930 5202 2206 5271 ἡγοῦνται,
2242 5202 2471 5257 ἄκουσον
2496 5205 2592 5258 τοῦ
2625 5204 2837 5258 Παύλου
2857 5206 3125 5274 λέγοντος·
3155 5206 3286 5262 Νῦν
3308 5207 3515 5278 ζῶμεν,

1929 5283 2038 5337 ἐὰν
2082 5285 2251 5353 ὑμεῖς
2294 5286 2568 5354 στήκητε
2598 5288 2668 5340 ἐν
2697 5289 2910 5356 Κυρίῳ.
2950 5290 3061 5343 Καὶ
3099 5292 3127 5343 ό
3173 5290 3415 5361 Μωῦσῆς
3459 5292 3519 5345 δὲ

1934 5369 2038 5437 πρὸ
2059 5368 2249 5422 τούτου
2274 5370 2410 5440 πρὸς
2434 5373 2524 5423 τὸν
2550 5371 2683 5424 Θεὸν
2708 5372 2915 5441 ἔλεγεν⁹
2937 5376 3007 5427 Εἰ
3032 5374 3149 5443 μὲν
3194 5374 3361 5443 ἀφῇς
3405 5378 3512 5430 αὺ-

1932 5449 2057 5513 τοῖς
2093 5450 2207 5518 τὴν
2237 5452 2548 5521 ἁμαρτίαν,
2589 5454 2756 5524 ἄφες·
2780 5458 2831 5511 εἰ
2869 5455 2937 5510 δὲ
2952 5458 3062 5527 μὴ,
3100 5458 3253 5528 κάμὲ
3283 5457 3515 5524 ἐξάλει-

1931 5535 2054 5597 ’ψ-ον
2068 5533 2135 5585 ἐκ
2164 5533 2273 5602 τῆς
2290 5536 2511 5599 ,ϐίϐλου
2542 5533 2616 5606 ἧς
2640 5538 2927 5608 emergi/ar
2953 5542 3054 5594 οὐκ
3074 5541 3517 5614 αἰσθάνομαιτῆς

1932 5615 2250 5701 magna;
2274 5618 2363 5671 διά
2390 5621 2491 5689 τὴν
2516 5622 2724 5675 τούτων
2754 5624 3124 5696 δυσπραγίαν,
3151 5626 3308 5696 φησι·
3329 5626 3517 5698 σώμα-

1931 5700 2160 5781 τοςγάρ
2187 5702 2334 5753 ἐστιν
2376 5704 2669 5759 ἀκολουθία
2712 5705 2823 5759 τῶν
2873 5707 3084 5762 πιστῶν
3115 5708 3178 5762 τὸ
3214 5708 3512 5781 πλήρωμαο

1924 5779 1975 5830 τί
2010 5781 2189 5833 τοίνυν
2233 5784 2426 5851 ὄφελος
2472 5786 2571 5858 τὴν
2628 5790 2873 5861 κεφαλὴν
2926 5779 3350 5861 στεφανοῦσθαι,
3401 5791 3512 5846 τῶν

242 5835 404 5929 "(late
442 5842 502 5895 σί
530 5856 622 5937 τις
642 5841 888 5909 βούλεται
920 5846 1161 5901 ἐπαινεῖν
1201 5850 1508 5921 μάρτυρας,
1546 5852 1819 5921 μιμείσθω
1926 5862 2102 5916 ποδῶν
2136 5835 2548 5937 κολαξομένωνέ

236 5920 541 5990 μᾶριυραςο
567 5923 622 5976 εἰ
648 5942 725 5987 τις
756 5925 999 5995 βούλεται
1025 5920 1395 6001 ἐγκωμιάζειν
1426 5934 1551 5997 τοὺς
1577 5920 1816 6007 ἀθλητὰς
