4084 6458
1373 396 1429 478 ε
1467 396 1756 457 JOANNIS
1790 354 2173 459 61111150511

2312 402 2633 460 ARCHIEP.
2668 403 3221 462 CONSTANTINOP.
3779 404 3884 461 678

709 500 959 590 Καὶπῶς
983 500 1225 590 δυνατδν,
1249 509 1399 579 φησὶ,
1427 513 1767 590 μιμήσασθαι
1791 516 2069 588 μάρτυρας
2088 517 2202 579 νῦν;
2307 517 2529 572 ἐνέϐαλε
2561 517 2656 571 τοῦ
2684 519 2853 584 πυρὸς
2885 519 3238 590 σφοδρότερον
3265 517 3500 582 ζέοντας⁸
3527 517 3620 572 καὶ
3646 518 3752 577 τῶν
3783 521 3886 585 μὲν

632 585 754 675 οὑδέ
774 585 882 656 γάρ
898 589 1030 675 ⁸ἐστι
1053 587 1315 675 διωγμοῦ,
1340 594 1551 663 καιρός.
1604 584 1733 654 Οἶδα
1759 584 1932 668 κάγώ·
1962 584 2203 670 διωγμοῦ
2304 603 2404 666 τάς
2437 603 2681 675 πλευρὰς
2728 584 3033 669 κατέξαινε,
3071 584 3199 668 τοὺς
3225 604 3281 658 δὲ
3327 606 3405 668 εἰς
3463 605 3699 673 πέλαγος
3747 584 3887 659 κατ-

634 390 739 445 677

635 664 733 752 μὲν
764 668 952 752 καιρός
973 669 1073 722 οὑκ
1112 671 1279 734 ἔστιν.
1315 675 1450 729 ἀλλά
1497 683 1798 750 μαρτυρίου
1843 664 2033 752 καιρός
2063 664 2199 745 ἐστι·

632 746 1024 818 παλαισμάτων
1048 753 1300 806 τοιούτων
1321 756 1420 809 οὐκ
1444 746 1559 813 ἐστι
1579 746 1798 834 καιρὸς,
2006 746 2203 832 στεφά-

632 845 738 880 νων
770 834 960 903 καιρός
983 837 1120 887 ἐστι·
1145 837 1207 888 οὑ
1267 838 1555 896 διώκουσιν
1595 843 1890 917 ἅνθρωποι,
1916 848 2054 902 ἀλλά
2075 849 2200 901 διώ-

631 928 785 998 κουσι
822 915 1091 984 δαίμονες·
1134 919 1234 972 οὐκ
1285 922 1498 976 ἐλαύνει
1529 915 1808 998 τύραννος,
1841 929 1957 982 ἀλλ’
1983 930 2199 985 ἐλαύνει

626 994 892 1084 διάϐολος,
921 1001 1199 1070 τυράννων
1229 1004 1449 1059 πάντων
1483 994 1878 1082 χαλεπώτερος·
1916 1014 2016 1083 οὐχ
2065 1016 2198 1084 ὁρᾷς

602 1078 902 1167 ¹άνθρακας·
946 1086 1355 1154 προκειμένους,
1388 1090 1502 1143 ἀλλ’
1547 1094 1676 1164 ὀρᾷς
1701 1078 1872 1164 φλόγα
1900 1078 2197 1167 ἐπίθυμίάς

624 1163 1023 1250 ἀναπτομένην.
1072 1168 1474 1240 Κατεπάτησαν
1503 1163 1698 1229 ἐκεῖνοι
1734 1163 1863 1240 τοὺς
1893 1163 2192 1250 ἄνθρακας,

623 1245 1010 1337 καταπάτησον
1032 1250 1096 1337 σὺ
1126 1250 1228 1320 τῆς
1265 1253 1476 1337 φύσεως
1507 1259 1830 1337 τήνοπυράν·
1851 1245 2193 1316 ἐπύκτευσαν

619 1329 815 1412 ἐκεῖνοι
868 1330 1006 1400 πρὸς
1044 1330 1228 1401 θηρία,
1279 1329 1689 1405 χαλίνωσον.’σὺ
1713 1329 1826 1396 τὸν
1883 1343 2072 1412 θυμὸν,
2132 1347 2193 1400 τὸ

618 1409 893 1496 ἀνήμερον
926 1412 1021 1465 καὶ
1047 1413 1333 1467 άτίθασσον
1349 1417 1555 1488 θηρίον·
1577 1422 1810 1494 ἐστησαν
1847 1409 2192 1496 ἐκεῖνοιπρὸς

617 1490 808 1555 ὀδύνας
838 1495 1162 1566 ἀφορήτους.
1219 1503 1506 1569 περιγενοῦ
1560 1506 1625 1558 σὺ
1670 1490 1778 1560 τῶν
1823 1509 2038 1561 ἀτόπων
2094 1490 2188 1563 καὶ

618 1575 868 1663 πονηρῶν
935 1576 1207 1647 λογισμῶν
1286 1582 1393 1635 τῶν
1456 1583 1729 1656 βρυόντων
1785 1591 1842 1642 ἐν
1889 1593 1954 1661 τῇ
1993 1593 2188 1663 καρδίᾳ

617 1672 734 1742 σου·
770 1656 918 1742 οὕτω
969 1663 1180 1742 μιμήσῃ
1240 1665 1540 1737 μάρτυρας.
1569 1668 1718 1742 [682]
1765 1672 1896 1726 Νῦν
1927 1656 2037 1742 γὰρ
2070 1656 2186 1730 οὐκ

613 1739 785 1821 ἐστιν
812 1740 958 1808 ἡμῖν
984 1741 1022 1808 ἠ
1055 1744 1216 1812 πάλη
1242 1759 1267 1786 ι
1296 1747 1442 1816 πρὸς
1466 1739 1608 1818 αἷμα
1636 1739 1736 1805 καὶ
1777 1739 2009 1821 σάρκα,
2025 1757 2188 1810 ἀλλὰ

615 1819 764 1887 πρὸς
787 1823 892 1888 τὰς
917 1824 1124 1892 ἀρχὰς,
1160 1829 1310 1894 πρὸς
1358 1831 1465 1896 τὰς
1513 1831 1820 1899 ἐξουσίας,
1856 1819 2015 1903 ήπρῦς
2043 1839 2185 1904 τοὺς

613 1906 1104 1978 κοσμοκράτορας,
1156 1909 1261 1962 τοῦ
1315 1912 1574 1978 σκότους
1626 1917 1862 1982 τούτου,
1912 1918 2063 1985 πρὸς
2113 1921 2187 1973 τὰ

603 1987 980 2070 ⁸ειξνιε,·ι),ιιατι)ιὰ
1023 1989 1134 2056 τῆς
1164 1994 1475 2060 πονηρίας.
1509 1995 1630 2066 Πῦρ
1657 1997 1807 2050 ἐστιν
1857 2000 1890 2070 ή
1921 2001 2185 2070 ἐπιθυμία

610 2067 707 2135 τῆς
749 2066 981 2136 φύσεως,
1023 2070 1134 2142 πῦρ
1163 2073 1423 2128 ἄσϐεστον
1453 2077 1547 2129 καὶ
1585 2078 1853 2149 διηνεκές·
1879 2066 2031 2133 ’κύων
2068 2066 2184 2135 ἐστὶ

606 2151 812 2236 λυττῶν
841 2153 934 2205 καὶ
966 2153 1240 2224 μεμηνὼς,
1264 2155 1366 2209 κᾶν
1391 2160 1649 2229 μυριάκις
1683 2163 1847 2214 αὑτὸν
1860 2163 2182 2236 διακρούσῃ,

611 2233 867 2302 μυριάκις
894 2235 1156 2305 ἐπιπηδᾷ,
1187 2239 1280 2290 καὶ
1307 2239 1407 2291 οὐκ
1453 2241 1766 2308 ἀφίσταται·
1794 2245 2056 2315 χαλεπὴδ
2081 2233 2182 2316 μέήν

606 2319 640 2386 ἡ
671 2317 779 2371 τῶν
835 2318 1122 2387 ἀνθράκων
1149 2319 1299 2386 φλὸξ,
1347 2321 1462 2375 ἀλλ’
1497 2323 1636 2393 αὕτη
1681 2325 1979 2396 δεινοτέρα,
2076 2328 2178 2397 τῆς

606 2400 917 2471 ἐπιθυμίας·
950 2402 1202 2454 οὐδέποτε
1235 2402 1430 2472 ἔχομεν
1461 2407 1768 2479 ἐκεχειρίαν
1817 2410 1909 2462 τοῦ
1937 2411 2177 2481 πολέμου

603 2483 809 2547 τούτου,
832 2483 1086 2537 οὐδέποτε
1119 2483 1312 2554 ἔχομεν
1335 2487 1623 2563 ἀνακωχὴν
1646 2491 1787 2543 κατὰ
1813 2493 1903 2544 τὸν
1937 2495 2177 2565 παρόντα

606 2564 738 2633 βίον,
769 2565 902 2618 ἀλλὰ
922 2565 1176 2636 διηνεκὴς
1203 2569 1231 2620 6
1255 2567 1426 2636 ἀγὼν,
1457 2569 1545 2623 ἵνα
1592 2573 1687 2624 καὶ
1711 2573 1972 2644 ξλαμπρὸς
1999 2578 2027 2627 ό
2055 2578 2176 2630 στέ-

603 2664 769 2716 φανος
797 2648 1043 2718 γένηται.
1070 2649 1167 2702 Διὰ
1193 2651 1351 2703 τοῦτο
1383 2654 1533 2722 ἡμᾶς
1561 2655 1652 2708 ἀεὶ
1680 2655 1892 2721 Παῦλος
1922 2658 2178 2714 καθοπλί-

594 2729 706 2792 (an,
738 2729 923 2800 ἐπειδὴ
951 2731 1041 2783 ἀεὶ
1077 2732 1318 2802 πολέμου
1348 2737 1557 2803 καιρὸς,
1583 2739 1770 2811 ἐπειδὴ
1798 2741 1886 2793 ἀεὶ
1915 2745 2179 2812 γρηγορεῖ

601 2814 629 2864 6
661 2813 871 2896 ἐχθρός.
908 2813 1094 2867 Βούλει
1155 2816 1370 2885 μαθεῖν,
1403 2819 1486 2872 ὃτι
1535 2822 1706 2891 πυρὸς
1741 2824 1842 2876 οὑκ
1890 2824 2110 2878 ἔλαττον
2138 2828 2171 2896 ἡ

601 2895 866 2965 ἐπιθυμία
891 2897 1065 2962 καίει;
1103 2899 1370 2952 ’Δκουσον
1403 2902 1498 2955 τοῦ
1530 2903 1874 2974 Σολομῶντος
1901 2895 2172 2974 λέγοντος,

599 2977 997 3046 Περιπατήσει
1045 2996 1135 3045 τις
1162 2980 1255 3033 ἐπ’
1309 2983 1621 3052 ἀνθράκων
1675 2987 1884 3054 πυρὸς,
1929 2991 2069 3055 τοὺς
2105 2990 2174 3043 δὲ

602 3061 792 3126 πόδας
815 3062 885 3114 o6
914 3063 1313 3127 κατακαύσει;
1358 3067 1545 3134 οὕτως
1579 3070 1612 3121 ό
1641 3072 2059 3138 εἰσερχόμενος
2087 3074 2173 3137 είς

605 3143 717 3211 τὴν
736 3143 988 3214 γυναῖκα
1017 3143 1123 3197 τοῦ
1143 3148 1410 3216 πλησίον
1423 3149 1632 3215 αὐτοῦ,
1662 3153 1761 3205 καί
1790 3153 1910 3219 πᾶς
1935 3157 1967 3207 ό
1993 3154 2173 3207 ἁπτό-

591 3243 779 3295 μενος
823 3225 1035 3293 αῠτῆς,
1069 3230 1179 3280 οὐκ
1210 3229 1647 3297 ἀθωωθήσεται.
1689 3235 1854 3306 Ὁρᾷς
1899 3237 1980 3288 ὅτι
2012 3236 2172 3305 φύσις

598 3306 892 3378 ἐπιθυμίας
922 3308 1213 3377 ἁμιλλᾶται
1241 3311 1399 3379 φύσει
1436 3316 1635 3386 πυρός;
1664 3317 1874 3388 Ὥσπερ
1905 3318 2014 3389 γάρ
2043 3319 2170 3372 ἀδύ-

596 3407 756 3443 νατον
786 3390 954 3460 πυρὸς
980 3391 1281 3461 ἀπτόμενον
1317 3395 1392 3464 μὴ
1426 3395 1674 3460 δέξασθαι
1703 3400 2051 3471 ἐμπρησμὸν,
2079 3401 2170 3455 o6-

596 3491 674 3525 τω
717 3474 887 3543 πυρὸς
919 3473 1170 3545 ὀξύτερον
1216 3476 1324 3528 τῶν
1367 3478 1655 3549 εὐμόρφων
1691 3481 1866 3551 δψεων
1893 3485 1926 3548 ὴ
1961 3485 2168 3556 θεωρία

595 3556 693 3624 τῆς
705 3556 1015 3620 ἀκολάστως
1052 3557 1352 3630 βλεπούσης
1383 3561 1810 3632 ἐπιλαμϐάνεται
1842 3565 2039 3637 ψυχῆς·
2071 3572 2166 3623 καὶ

599 3639 846 3709 καθάπερ
879 3638 978 3708 ὕλη
1018 3657 1100 3702 τις
1133 3641 1443 3713 εῦπρηστος
1471 3645 1677 3708 ο,οὖτω
1709 3647 1778 3701 τά
1809 3648 2039 3721 λαμπρὰ
2059 3651 2165 3706 τῶν

596 3722 864 3791 σωμάτων
889 3725 999 3785 τοῖς
1022 3722 1129 3775 τῶν
1154 3725 1399 3792 ἀσελγῶν
1424 3727 1707 3783 ὑπόκειται
1732 3731 2048 3804 ὀφθαλμοῖς.
2076 3735 2167 3787 Διὸ

593 3804 1220 3894 ζρὴμμὴρπαρέςχειν
1239 3811 1372 3879 πυρὶ
1398 3810 1499 3894 τῆς
1521 3812 1814 3894 ἐπιθυμίας
1843 3817 2048 3889 τροφὴν
2068 3817 2166 3888 τὴν

593 3885 794 3950 ἔξωθεν
814 3886 1065 3968 θεωρίαν,
1099 3888 1235 3940 άλλά
1258 3892 1628 3959 περιστέλλειν
1654 3885 1793 3949 ἀὐτὸ
1828 3885 2165 3968 πανταχόθεν

595 3968 688 4019 καὶ
714 3967 1140 4022 κατασϐεννύναι
1190 3970 1768 4041 λογισμοῖςέὑσεϐέσι,
1813 3967 2166 4049 χαλινοῦίντας

598 4049 784 4134 πρόσω
834 4050 1131 4134 φερόμενον
1157 4052 1246 4106 τὸν
1284 4056 1630 4126 ἐμπρησμὸν,
1685 4061 1780 4112 καὶ
1821 4062 1896 4132 μὴ
1947 4080 2165 4134 συγχω-

598 4131 822 4201 ροῦντας
846 4133 996 4202 αὑτῷ
1041 4136 1404 4205 περιτρέπειν
1443 4137 1504 4190 16
1548 4139 1770 4211 στερρὸν
1796 4131 1897 4213 τῆς
1924 4131 2164 4211 διανοίας

589 4214 692 4282 τῆς
722 4215 1016 4300 ἡμετέρας.
1050 4215 1160 4300 Καὶ
1198 4219 1347 4272 πᾶσα
1385 4219 1443 4272 δὲ
1481 4221 1640 4291 ἡδονὴ
1668 4227 1726 4275 ἐν
1754 4224 1832 4294 τῷ
1860 4227 2037 4298 καιρῷ
2061 4231 2162 4300 τῆς

590 4298 1003 4368 ἐπικρατήσεως
1031 4299 1138 4351 τῶν
1169 4300 1358 4353 παθῶν
1384 4303 1556 4372 πυρὸς
1601 4307 1956 4379 σφοδρότερον
1982 4298 2159 4366 καίειν

592 4380 750 4432 είωθε
779 4380 880 4450 τὴν
906 4380 1164 4465 διάνοιαν,
1199 4384 1246 4434 εί
1279 4384 1351 4454 μή
1386 4400 1472 4465 τις
1503 4388 1766 4452 γενναίως
1795 4390 1915 4460 μεθ’
1949 4393 2155 4465 ὑπομο-

591 4463 687 4530 γῆς
715 4462 809 4514 καὶ
860 4462 1093 4526 πίστεως
1149 4464 1566 4532 ἀνταγωνίζοιτο
1621 4469 1751 4540 πρὸς
1793 4462 2162 4531 ἕκαστοντῶν

591 4542 795 4628 παθῶν·
836 4543 894 4597 ὃν
914 4545 1112 4628 τρόπον
1141 4546 1169 4598 6
1201 4547 1469 4618 μακάριος
1517 4551 1609 4603 καὶ
1644 4557 1888 4619 γενναῖος
1920 4557 2162 4628 ἀθλητὴς

588 4625 682 4678 τοῦ
725 4626 960 4695 Χριστοῦ
992 4627 1256 4699 Βαρλαάμ
1281 4630 1536 4699 ἐποίησεν
1569 4633 1660 4686 ἐπὶ
1683 4634 1786 4704 τῆς
1810 4638 2006 4691 ἐαυτοῦ
2043 4625 2154 4708 χει-

590 4709 703 4781 ρὸς,
750 4710 1041 4781 ὁλόκληρον
1081 4714 1139 4765 ἐν
1189 4716 1255 4784 τῇ
1292 4714 1440 4784 δεξιᾷ
1484 4719 1662 4789 πυρὰν
1707 4720 2009 4790 βαστάζων,
2061 4725 2156 4778 καὶ

588 4791 724 4876 πρὸς
751 4791 857 4876 ,τὴν
883 4793 1075 4863 ὀδύνην
1126 4795 1225 4848 οὑκ
1252 4796 1505 4861 ἐνδιδοὺς,
1526 4801 1660 4855 άλλά
1686 4803 1792 4857 τῶν
1817 4806 2151 4876 ἀνδριάντων

584 4874 956 4958 ᾀπαθέστερον
983 4877 1340 4948 διακείμενος,
1372 4881 1570 4950 μᾶλλον
1610 4885 1665 4939 δὲ
1697 4886 1851 4956 ήλγει
1897 4874 2015 4958 μὲν,
2057 4890 2153 4944 καὶ

583 4957 812 5042 ἔπασχε·
849 4959 1007 5042 σῶμα
1040 4961 1147 5031 γὰρ
1172 4958 1240 5032 ἦν
1272 4964 1334 5017 16
1361 4965 1739 5037 ὑποκείμενον,
1771 4971 1863 5023 καὶ
1900 4957 1962 5024 οὐ
1995 4973 2147 5042 σίδη-

585 5055 698 5111 ρος·
730 5041 908 5110 ἀλγῶν
944 5043 1001 5095 δὲ
1029 5046 1120 5097 καὶ
1148 5046 1370 5116 πάσχων
1397 5049 1497 5119 τὴν
1525 5051 1633 5102 τῶν
1655 5051 1960 5122 ἀσωμάτων
1992 5041 2157 5118 δυνά-η

585 5140 732 5194 μεων
761 5126 818 5178 ἐν
847 5124 1057 5196 σώματι
1077 5128 1254 5199 θνητῷ
1283 5130 1598 5200 φιλοσοφίαν
1641 5134 2007 5190 ἐπεδείκνυτο.

653 5206 745 5290 βἠγ
761 5207 1048 5278 ’Λλλὰιγάρ
1072 5209 1274 5264 ἀνωθεν
1303 5213 1465 5266 αὑτοῦ
1489 5215 1548 5267 16
1573 5216 1868 5287 μαρτύριον
1886 5219 2144 5290 διηγήσο-

583 5306 681 5359 μαι
711 5288 849 5347 ὥστε
874 5293 1205 5365 σαφεστέραν
1239 5296 1488 5362 γενεσθαι
1520 5298 1619 5366 τὴν
1669 5302 1928 5371 ἱστορίαν·
1964 5288 2060 5355 ⁷σῇ
2091 5303 2146 5356 δέ

583 5390 674 5442 μοι
708 5377 895 5428 σκόπει
924 5375 1015 5428 τοῦ
1040 5377 1284 5431 διαϐόλου
1304 5380 1403 5448 τὴν
1437 5383 1790 5451 κακουργίαν.
1825 5385 1944 5438 Τῶν
1975 5387 2150 5454 ἁγίων

579 5458 704 5521 τοὺς
748 5458 846 5528 μὲν
879 5459 1084 5529 ἢγαγεν
1130 5461 1222 5513 ἐπὶ
1253 5463 1481 5531 τήγανα,
1527 5466 1652 5520 τοὺς
1703 5466 1759 5519 δὲ
1806 5470 1884 5532 είς
1913 5469 2145 5541 λέϐητας

641 5665 664 5727 ’_'
691 5665 775 5727 Hic
802 5664 932 5715 addit
959 5666 1258 5727 83νί1.τησῖν
1282 5672 1305 5718 6
1333 5671 1533 5727 Παῦλος.

643 5725 670 5789 ί·
804 5729 1126 5789 χαλεπωτέοα.

638 5788 660 5817 ⁸
689 5785 783 5836 Alii
805 5785 1100 5849 ἷῦθραυστος.

2304 692 2604 755 επόντισεν,
2623 691 2813 755 ἄλλους
2831 691 3042 763 θηρίοις
3059 692 3395 762 παρέδωκεν,
3409 689 3634 763 ἐτέρους
3660 692 3740 753 είς
3775 691 3880 744 κά-

2317 795 2471 848 μινον
2497 781 2778 850 εἰσήγαγε,
2807 781 2903 832 καὶ
2935 781 3044 833 τῶν
3070 781 3170 850 μὲν
3196 778 3547 850 ἐξεμόχλευοε
3574 780 3645 831 τά
3675 779 3880 849 ἄρθρα,

2299 866 2407 918 τῶν
2427 866 2486 918 δὲ
2513 858 2610 929 τάς
2641 866 2804 938 δορὰς
2828 867 2907 920 ἔτι
2927 865 3145 930 ζώντων
3168 867 3441 938 ἀπέσυρεν
3465 863 3515 929 ἀ,
3541 865 3743 936 ἐτέρων
3763 869 3880 928 τοῖς

2301 950 2546 1022 σώμασιν
2594 956 2940 1025 ᾑμαγμένοις
2989 954 3263 1023 ὑπέθηκεν
3320 953 3618 1025 ἄνθρακας,
3675 953 3770 1005 καί⁸
3826 955 3878 1005 οί

2298 1038 2592 1109 σπινθῆρες
2617 1041 2904 1112 ἐπεπήδων
2927 1043 3040 1103 τοῖς
3072 1038 3276 1101 ἕλκεσι,
3298 1039 3490 1109 θηρίου
3521 1039 3718 1104 παντὸς
3751 1040 3878 1109 δρι-

2298 1123 2529 1194 μύτερον
2568 1127 2637 1179 τὰ
2659 1125 2948 1196 τραύματα
2986 1126 3291 1188 δάκνοντες·
3329 1125 3511 1188 ἄλλοις
3543 1125 3709 1188 ἄλλας
3741 1127 3876 1178 ἐπε-

2294 1211 2404 1263 νόει
2436 1211 2819 1283 χαλεπωτέρας
2850 1214 3134 1286 τιμωρίας.
3183 1215 3337 1267 Ἐπεὶ
3367 1209 3460 1267 οῦν
3485 1209 3623 1265 εἶδεν
3654 1213 3876 1267 ἅπαντα

2289 1297 2466 1351 ταῦτα
2477 1299 2968 1368 καταγελασθέντα,
2983 1301 3077 1352 καὶ
3092 1300 3404 1364 τοὺς-ταῦτα
3427 1299 3700 1365 παθόντας
3719 1299 3873 1372 [683]

2295 1386 2432 1454 μετά
2458 1385 2658 1455 πολλῆς
2685 1387 2787 1456 τῆς
2829 1388 3146 1458 περιουσίας
3176 1389 3578 1459 κρατήσαντας,
3621 1389 3716 1440 καὶ
3757 1391 3875 1452 τοῖς

2294 1475 2414 1542 μετ’
2440 1469 2978 1544 αὐτοὺςέρχομένοις
3006 1475 3100 1528 ἐπὶ
3119 1473 3190 1527 16
3218 1475 3361 1528 αὐτὰ
3389 1476 3742 1546 παλαίσματα
3772 1493 3873 1546 με-

2289 1559 2483 1629 γίστην
2512 1559 2606 1613 τοῦ
2664 1561 2884 1632 θαρρεῖν
2915 1561 3170 1614 ὑπόθεσιν
3223 1563 3570 1632 γενομένους,
3596 1562 3648 1616 τί
3686 1564 3869 1627 ποιεῖ;

2289 1647 2491 1700 Καινὸν
2509 1649 2716 1701 ἐπινοεῖ
2743 1649 2943 1718 τρόπον
2985 1649 3296 1721 ἐπιϐουλῆς,
3323 1650 3410 1704 ῖνα
3446 1651 3507 1704 16
3535 1651 3871 1722 ἀμελέτητον

2287 1733 2399 1785 καῖ
2421 1734 2588 1802 ἄηθες
2634 1733 2736 1803 τῆς
2767 1735 3041 1804 τιμωρίας
3062 1736 3342 1807 καταϐάλῃ
3377 1736 3440 1788 16
3469 1737 3726 1808 φρόνημα
3769 1737 3867 1790 τοῦ

2292 1814 2588 1885 μάρτυρος.
2639 1815 2713 1867 Τὸ
2758 1821 2858 1889 μὲν
2892 1817 2999 1887 γὰρ
3043 1818 3311 1872 ἀκουσθὲν
3361 1819 3459 1872 καὶ
3504 1820 3716 1890 νοηθὲν,
3759 1819 3867 1874 κᾶν

2285 1902 2557 1973 ἀφόρητον
2592 1898 2652 1975 ᾖ,
2684 1904 2750 1972 τῇ
2784 1905 3079 1975 προσδοκίᾳ
3120 1905 3412 1976 μελεηθέν
3454 1907 3866 1978 εὑκαταφρόνηυ

2284 2006 2376 2041 τον
2399 1989 2627 2056 γίνεται·
2653 1987 2714 2041 τὸ
2733 1988 2792 2040 δὲ
2818 1989 3174 2059 ἀμελέτητον,
3202 1991 3304 2045 κᾶν
3332 1992 3534 2062 κοῦφον
3562 1989 3620 2068 ᾖ,
3644 1995 3866 2049 πάντων

2285 2077 2432 2130 ἐστὶν
2463 2078 2882 2148 ἀφορητότερον.
2931 2079 3111 2132 Ἔστω
3157 2079 3337 2135 τοίνυν
3379 2081 3563 2145 καινὸς
3615 2084 3644 2136 6
3689 2081 3863 2151 ἀγὼν,

2285 2163 2424 2216 ἔστω
2446 2162 2590 2226 ξένον
2622 2163 2683 2215 τὺ
2705 2164 3019 2233 μηχάνημα,
3042 2166 3128 2218 ἵνα
3146 2165 3208 2218 16
3231 2168 3416 2234 καινὸν
3442 2169 3537 2221 καὶ
3561 2169 3866 2240 παράδοξον

2284 2247 2585 2323 θορυϐῆσαν
2628 2250 2719 2302 τὸν
2756 2249 2992 2320 ἀθλητὴν
3037 2251 3368 2322 ὑποσκελίση
3400 2254 3616 2324 ῥᾳδίως.
3664 2255 3731 2308 Τί
3766 2251 3864 2308 οὗν

2283 2337 2459 2399 ποιεῖς
2503 2335 2718 2403 Ἐξάγει
2751 2337 2843 2389 τὸν
2877 2335 3029 2404 ἅγιον
3059 2337 3167 2390 ἀπὸ
3190 2337 3284 2391 τοῦ
3312 2338 3689 2410 δεσμωτηρίου
3714 2340 3862 2397 δεδε-

2283 2420 2462 2487 μένον.
2499 2422 2606 2473 Καὶ
2652 2422 2761 2491 γάρ
2789 2423 2883 2475 καὶ
2936 2423 3093 2475 τοῦτο
3137 2424 3235 2494 τῆς
3281 2425 3486 2479 ἐκείνου
3522 2427 3861 2497 κακουργίας

2276 2500 2364 2575 ἦν,
2387 2506 2448 2558 16
2481 2507 2555 2576 μὴ
2588 2508 2788 2572 εὐθέως
2823 2511 2888 2563 ἐκ
2916 2511 3218 2582 προοιμίων
3242 2511 3452 2582 χαλεπά
3481 2517 3860 2585 προσαγαγεῖν

2277 2593 2346 2648 16
2391 2597 2604 2666 μηχανή
2614 2613 2778 2666 ματα,
2805 2599 2943 2669 μηδὲ
2961 2598 3061 2662 τὰς
3087 2601 3324 2671 φρικτάς
3354 2602 3656 2670 ἐπαγαγεῖν
3677 2621 3856 2672 τιμω-

2280 2682 2420 2752 ρίας,
2449 2683 2564 2736 ἀλλ’
2584 2685 2691 2738 ἀπὸ
2718 2687 2826 2738 τῶν
2853 2687 3150 2742 ἐλαττόνων
3193 2688 3661 2761 ἀκροϐολίζεσθαι·
3687 2693 3743 2744 τί
3760 2693 3858 2762 δή-

2277 2785 2440 2834 ποτε;
2471 2771 2590 2824 Ἵνα
2636 2771 2702 2826 ἂν
2750 2773 2848 2842 μὲν
2881 2773 3189 2845 ἡττηθῶσιν
3243 2777 3293 2827 οί
3330 2776 3859 2848 ἀγωνιζόμενοι,αί-

2277 2857 2417 2927 σχρά
2453 2858 2632 2912 αὐτῶν
2663 2862 2697 2930 ἡ
2719 2855 2858 2932 ἧττα
2880 2861 3124 2931 γένηται,
3151 2863 3233 2916 ὅτι
3254 2864 3392 2935 μηδὲ
3413 2865 3548 2935 πρὸς
3579 2866 3647 2919 τά
3677 2869 3856 2939 μικρά

2272 2945 2626 3016 ἀντέστησαν·
2657 2946 2725 3000 ἂν
2764 2948 2821 3000 δὲ
2864 2948 3258 3018 περιγένωνται
3301 2953 3390 3004 κα¹ί
3431 2955 3755 3022 νικήσωσιν,
3793 2960 3857 3011 ἐν

2274 3035 2387 3094 τοῖς
2411 3032 2658 3085 ἐλάττοσι
2683 3035 3232 3106 προκαταϐληθείσης
3246 3038 3430 3102 αὐτοῖς
3455 3041 3552 3111 τῆς
3567 3040 3854 3114 δυνάμεως

2277 3119 2591 3189 εὐχείρωτοι
2645 3121 2907 3187 γένωνται
2970 3122 3101 3193 πρὸς
3151 3123 3220 3177 16
3274 3124 3515 3195 μείζονα.
3551 3129 3650 3182 Διά
3691 3130 3855 3186 τοῦτο

2276 3207 2597 3279 προσήγαγε
2621 3206 2688 3260 16
2713 3207 2973 3264 ἐλάττονα
3025 3211 3314 3282 πρότερον,
3341 3213 3428 3268 ἵνα
3461 3213 3563 3268 κᾶν
3593 3216 3713 3291 ἕλῃ,
3741 3219 3854 3274 κάν

2275 3295 2349 3366 μὴ
2382 3294 2501 3366 ἕλῃ,
2539 3295 2615 3366 μὴ
2639 3295 2905 3369 ἀποτύχῃ·
2935 3297 3000 3351 ἂν
3037 3300 3136 3370 μὲν
3159 3301 3267 3372 γάρ
3285 3301 3411 3368 ἕλω,
3435 3305 3588 3374 φησὶ,
3616 3307 3853 3375 κατεγέ-

2271 3383 2430 3436 λασα·
2458 3383 2525 3436 ἂν
2546 3383 2603 3438 δὲ
2641 3383 2714 3456 μὴ
2737 3383 2872 3451 ἕλω,
2906 3387 3326 3460 ἀσθενεστέρους
3357 3391 3587 3459 ἐποίησα
3614 3393 3750 3465 πρὸς
3775 3395 3852 3452 τὰ

2273 3469 2553 3541 μέλλοντα.
2595 3469 2812 3542 Ἐξάγει
2846 3473 3024 3526 τοίνυν
3070 3475 3234 3528 αὑτὸν
3285 3477 3395 3530 ἀπὺ
3429 3480 3524 3532 τοῦ
3557 3481 3850 3556 δεσμωτη-

2272 3556 2410 3628 ρίου·
2443 3557 2545 3611 ὀδέ
2578 3557 2725 3630 ἐξῄει
2753 3559 3000 3634 καθάπερ
3028 3561 3267 3633 ἀθλητὴς
3295 3568 3543 3632 γενναῖος
3563 3569 3623 3621 ἐν
3651 3570 3854 3625 παλαί-

2270 3659 2409 3715 στρᾳ
2430 3645 2600 3699 πολὺν
2628 3646 3047 3717 γυμνασάμενος
3065 3650 3275 3718 χρόνον·
3301 3651 3608 3722 παλαίστρα
3631 3655 3740 3724 γάρ
3765 3655 3853 3727 τῷ

2272 3732 2508 3803 μάρτυρι
2536 3731 2598 3785 16
2628 3732 2878 3804 δεσμωτή
2890 3752 3000 3805 ριον
3029 3731 3120 3806 ἦν,
3151 3735 3312 3790 κάκεῖ
3342 3739 3462 3791 κατ’
3481 3740 3618 3794 ίδίαν
3636 3743 3714 3812 τῷ
3726 3744 3852 3815 Θεῷ

2267 3818 2650 3890 διαλεγόμενος
2674 3823 2805 3892 παρ’
2829 3822 3039 3875 ἐκείνου
3072 3823 3142 3876 τὰ
3173 3823 3521 3896 παλαίσματα
3542 3828 3852 3898 ἐμάνθανεν

2268 3903 2505 3957 ἅπαντα·
2536 3904 2668 3958 ὅπου
2685 3904 2794 3977 γάρ
2819 3906 2993 3978 δεσμά
3023 3908 3287 3976 τοιαῦτα,”
3303 3910 3418 3964 ἐκεῖ
3437 3913 3530 3966 καὶ
3557 3915 3586 3966 6
3611 3915 3853 3986 Χριστὸς

2269 3991 2558 4060 πάρεστιν.

2351 4078 2524 4149 Ἐξῄει
2547 4077 3087 4152 τοίνυν’ίσχυρότερος
3108 4084 3399 4154 γενόμενος
3421 4087 3487 4157 τῇ
3525 4089 3847 4162 μακροτέρα

2264 4163 2358 4216 τοῦ
2391 4164 2765 4238 δεσμωτηρίου
2818 4167 3088 4239 διατριϐῇ·
3126 4169 3408 4236 ἐξελθόντα
3456 4171 3514 4225 δὲ
3543 4175 3709 4228 αὐτὸν
3761 4177 3846 4240 είς

2267 4251 2428 4322 μέσον
2461 4252 2683 4321 ἀγαγὼν
2698 4255 2726 4306 6
2748 4253 2992 4320 διάϐολος
3017 4255 3105 4310 διὰ
3129 4257 3238 4311 τῶν
3267 4259 3725 4332 ὑπηρετουμένων
3741 4263 3847 4316 αὑ-

2261 4336 2355 4391 τοῦ
2385 4340 2451 4411 τῇ
2486 4341 2823 4412 παρανομίᾳ,
2858 4342 2918 4394 οὑ
2961 4343 3260 4415 προσέδησε
3298 4345 3375 4415 τῷ
3407 4345 3570 4418 ξύλῳ,
3591 4349 3653 4401 οὐ
3682 4367 3848 4422 περι-

2264 4426 2458 4497 έστησε
2492 4427 2740 4497 δημίους·
2780 4428 2926 4500 ἐώρα
2955 4431 3064 4502 γάρ
3089 4432 3251 4486 αὑτὸν
3279 4433 3483 4488 τούτων
3510 4435 3846 4508 ἐπιθυμοῦν·-

2260 4529 2349 4574 τα,
2393 4514 2487 4568 καὶ
2518 4514 2684 4568 πάλαι
2716 4516 2856 4569 αὑτὰ
2914 4520 3412 4591 προμελετήσαντα·
3443 4521 3581 4576 ἀλλὰ
3607 4522 3758 4590 ξένον
3785 4543 3842 4580 τι

2261 4599 2352 4651 καὶ
2380 4599 2586 4664 καινὸν,
2626 4599 2722 4653 καὶ
2754 4602 3020 4671 μηδέποτε
3045 4603 3297 4659 ἐλπισθὲν
3332 4607 3629 4680 μηχάνημα
3665 4627 3843 4682 προσ-

2261 4684 2382 4752 άγει
2423 4684 2501 4755 τῷ
2529 4685 2752 4758 πύργῳ,
2790 4688 2987 4758 ῥᾳδίως
3014 4691 3263 4760 ἐμποιεῖν
3283 4692 3580 4763 δυνάμενον
3607 4696 3710 4767 τὴν
3737 4715 3844 4752 κα-

2258 4770 2553 4828 τάπτωσιν·
2586 4772 2745 4826 τοῦτο
2772 4774 2880 4844 γάρ
2910 4775 3059 4828 ἐστιν
3099 4776 3247 4848 αὑτῷ
3299 4778 3358 4832 16
3406 4781 3843 4853 σπουδαζόμενον

2259 4858 2350 4911 ἐπὶ
2377 4858 2596 4914 πάντων
2611 4860 2988 4927 ὑποσκελίζειν
3005 4864 3205 4934 μᾶλλον
3225 4865 3257 4936 ἦ
3275 4866 3464 4938 ὀδυνᾷν
3487 4871 3613 4933 τοὺς
3624 4872 3837 4940 ἁγίους.

2257 4943 2323 4998 Τί
2348 4946 2528 5000 τοίνυν
2559 4946 2676 4999 ἐστὶ
2703 4948 2764 5000 16
2791 4948 3118 5020 μηχάνημα;
3153 4952 3262 5024 Τὴν
3293 4955 3450 5026 χεῖρα
3484 4956 3838 5025 κελεύσαντες

2256 5033 2450 5085 ὑπτίαν
2475 5035 2707 5087 ἐκτεῖναι
2737 5033 2991 5105 ὑπεράνω
3030 5037 3125 5106 τοῦ
3161 5038 3368 5109 βωμοῦ,
3418 5041 3695 5113 ἐπέθηκαν
3739 5045 3838 5099 άν-

2255 5119 2462 5188 θρακας
2487 5121 2581 5173 καὶ
2613 5120 2907 5174 λιϐανωτὸν
2933 5125 3000 5192 τῇ
3040 5125 3203 5195 χειρὶ,
3229 5125 3315 5180 ἴνα
3341 5126 3436 5180 ἐὰν
3455 5128 3689 5203 ἀλγήσῃ,
3741 5133 3837 5186 καὶ

2254 5206 2556 5282 περιτρέψῃ
2583 5205 2682 5276 τὴν
2712 5208 2888 5277 χεῖρα,
2916 5207 3107 5262 θυσίαν
3132 5209 3283 5280 αὑτῷ
3311 5212 3405 5265 καὶ
3431 5213 3744 5283 παράϐασιν
3773 5219 3838 5270 16

2255 5294 2494 5362 πρᾶγμα
2511 5294 2854 5361 λογίσωνται.
2880 5290 3032 5358 Εἶδες
3049 5297 3165 5360 πῶς
3181 5297 3482 5368 κακοῦργος
3504 5300 3532 5351 ὀ
3552 5299 3829 5367 διάϐολος,

2266 5379 2401 5430 Ἀλλ’
2427 5381 2528 5451 ὅρα
2556 5379 2674 5442 πῶς
2710 5381 2739 5431 6
2757 5380 3123 5450 δρασσόμενος
3155 5384 3280 5446 τοὺς
3303 5386 3498 5453 σοφοὺς
3520 5388 3579 5439 ὲν
3603 5392 3668 5459 τῇ
3695 5408 3834 5443 παν-

2250 5465 2444 5536 ουργίᾳ
2482 5467 2661 5520 αὐτῶν
2687 5465 2866 5536 άκυρα
2883 5467 3135 5539 ἐποίησεν
3156 5470 3320 5523 αὑτοῦ
3341 5471 3408 5524 16
3437 5478 3829 5545 μηχανήματα,

2311 5672 2338 5756 ιι
2383 5673 2946 5756 δσνί1.“ειιξήι]ειῐίεεέ
2987 5678 3224 5753 ἐπέσυρεν.
3263 5680 3346 5730 Sic
3390 5686 3556 5756 gluten}
3606 5693 3821 5756 pergunt

2249 5737 2397 5842 i'idgém
2423 5743 2476 5783 et
2507 5739 2632 5788 alter
2667 5739 2851 5800 Regius
2880 5737 3101 5801 ῖίέτέροις
3135 5737 3228 5790 τῶν
3272 5744 3507 5805 σωμάτων
3529 5737 3817 5808 ᾐμὰγμὲνων

2250 5813 2336 5844 υπ;
2365 5814 2495 5854 ηκεν.
