4084 6476
241 501 345 557 87⁸1

241 626 372 679 ergo
403 616 562 676 caput
589 601 832 660 coronari
865 599 1100 670 prodest,
1134 597 1257 652 dum
1290 595 1452 664 pedes
1479 593 1833 663 torquentur?

323 700 575 768 Martyres
599 713 697 763 quo
728 704 874 763 pacto
903 690 1156 745 imitandi.
1184 719 1254 728 —
1283 687 1348 742 Et
1373 688 1460 756 qui
1491 686 1604 740 ﬁeri
1636 692 1831 753 potest,

242 791 388 844 dicet
414 789 626 859 aliquis,
660 796 714 840 ut
745 795 1005 856 martyres
1031 779 1332 836 imitemur?
1355 794 1458 834 non
1489 779 1631 833 enim
1655 791 1837 845 perse»

245 882 518 951 quutionis
543 889 626 934 est
654 888 876 946 tempus.
920 874 1176 944 Equidem
1207 872 1257 926 id
1279 872 1438 927 etiam
1465 870 1577 925 scio
1610 886 1622 920 :
1652 881 1834 937 perse-

245 970 522 1039 quutionis
543 968 753 1038 quidem
779 975 985 1034 tempus
1013 970 1237 1028 nonest,
1259 970 1312 1014 at
1333 958 1572 1029 martyrii
1594 965 1676 1012 est
1697 965 1838 1010 tem-

250 1077 352 1128 pus
382 1077 394 1111 :
429 1060 685 1113 laetarum
713 1055 973 1126 ejusmodi
1004 1065 1211 1122 tempus
1238 1066 1346 1105 non
1372 1059 1474 1113 est,
1517 1058 1571 1102 at
1609 1061 1838 1102 corona-

246 1167 368 1206 rum
400 1160 480 1206 est
511 1159 718 1219 tempus
747 1165 760 1200 :
792 1163 895 1200 non
926 1151 1318 1214 persequuntur
1342 1141 1608 1205 homines,
1641 1146 1692 1190 at
1719 1151 1838 1206 per-

248 1250 548 1311 sequuntur
572 1242 841 1296 dzemones
884 1255 898 1292 :
941 1251 1045 1290 non
1075 1243 1232 1289 vexat
1258 1241 1513 1303 tyrannus
1534 1271 1550 1296 ,
1595 1239 1650 1284 at
1678 1236 1842 1282 vexat

250 1331 498 1385 diabolus
527 1340 870 1401 tyrannorum
892 1327 1128 1380 omnium
1155 1324 1482 1378 saevissimus
1508 1339 1522 1382 ;
1553 1336 1658 1375 non
1693 1321 1842 1389 obje-

251 1432 368 1487 ctas
405 1436 601 1492 prunas
629 1419 928 1488 conspicis,
958 1425 1012 1471 at
1041 1415 1343 1484 cupiditatis
1381 1414 1647 1482 conspicis
1684 1411 1840 1464 ﬂam-

251 1528 396 1567 mam
419 1525 698 1566 accensam
729 1527 743 1562 :
775 1509 847 1562 illi
881 1522 1080 1576 prunas
1110 1506 1402 1570 ealcarunt,
1433 1512 1489 1556 tu
1519 1511 1722 1555 naturas
1748 1515 1843 1571 py-

254 1621 369 1660 ram
391 1604 536 1658 calca
572 1619 584 1652 :
611 1601 686 1654 illi
718 1616 836 1653 cum
867 1597 1050 1651 bestiis
1077 1603 1396 1666 pugnarunt,
1429 1603 1482 1648 tu
1515 1593 1645 1646 iram
1670 1591 1843 1645 immi-

255 1707 363 1764 tem
395 1703 448 1748 et
472 1691 780 1746 indomitam
813 1689 1047 1743 bellnam
1075 1686 1220 1740 frena
1251 1702 1263 1737 :
1303 1685 1379 1738 illi
1409 1683 1666 1737 adversus
1705 1682 1844 1734 into-

253 1784 504 1838 lerabiles
553 1782 768 1836 dolores
809 1787 1102 1842 steterunt,
1147 1786 1200 1830 ιιι
1251 1774 1509 1830 absurdas
1551 1786 1844 1841 pravasque

253 1874 605 1942 cogitationes
627 1913 640 1934 ,
671 1884 790 1939 qua:
821 1869 872 1923 in
910 1867 1072 1922 corde
1113 1877 1202 1920 tuo
1242 1864 1519 1933 pullulant,
1543 1864 1696 1916 vince
1727 1879 1739 1915 :
1774 1864 1844 1915 ita

255 1973 523 2032 martyres
549 1960 847 2014 imitabere.
878 1957 925 2010 Ν
933 1974 1028 2010 unc
1054 1958 1184 2009 enim
1210 1954 1350 2008 nobis
1379 1970 1479 2007 non
1501 1963 1572 2007 est
1600 1953 1844 2006 collucta-

257 2055 328 2108 tio
355 2053 594 2106 adversus
622 2067 823 2105 carnem
847 2059 891 2104 et
913 2051 1207 2119 sanguinem
1229 2065 1247 2111 ;
1274 2047 1361 2100 sed
1389 2047 1626 2100 adversus
1653 2045 1845 2112 princi-

257 2160 368 2212 pes,
397 2143 636 2196 adversus
684 2149 970 2210 potestates,
1000 2140 1240 2191 adversus
1269 2137 1444 2189 mundi
1467 2146 1679 2189 rectores
1708 2144 1847 2189 tene-

259 2236 466 2288 brarum
492 2237 692 2300 harum,
721 2243 900 2287 contra
942 2231 1226 2302 spiritualia
1259 2229 1493 2297 nequitia
1534 2227 1761 2298 (Ephes.
1793 2227 1845 2280 6.

261 2325 376 2395 i2).
410 2326 549 2394 Ignis
575 2334 655 2380 est
683 2323 945 2392 cupiditas
973 2331 1175 2374 naturae
1197 2361 1209 2383 ,
1241 2319 1375 2388 ignis
1403 2318 1754 2372 inexstinctus
1788 2331 1851 2370 ac

261 2415 514 2484 perennis
536 2455 551 2480 ,
594 2415 743 2468 canis
768 2423 850 2468 est
876 2412 1094 2467 rabidus
1119 2418 1174 2465 ct
1212 2411 1465 2463 insanus:
1497 2408 1621 2462 licet
1657 2408 1851 2461 millies

260 2519 383 2558 eum
440 2505 722 2573 propellas,
776 2504 970 2566 millies
1013 2505 1266 2570 impetum
1297 2501 1437 2566 facit,
1477 2514 1575 2554 nec
1600 2499 1848 2553 absistit:

263 2608 404 2648 δαιγο
436 2593 650 2662 quidem
695 2607 982 2660 prunarum
1025 2599 1105 2646 est
1129 2590 1363 2654 ﬂamma,
1397 2605 1581 2644 verum
1609 2589 1722 2643 inec
1757 2603 1852 2643 ve-

263 2684 568 2738 hementior
588 2694 671 2738 est
690 2683 904 2737 ﬂamma
926 2683 1228 2752 cupiditatis
1256 2699 1267 2734 :
1300 2696 1585 2750 numquam
1616 2680 1855 2735 inducias

265 2777 390 2831 belli
415 2777 572 2845 hujus
595 2777 920 2841 obtinemus,
954 2788 1240 2843 numquam
1272 2788 1463 2844 pugna:
1501 2773 1856 2827 cessationem

265 2868 570 2921 obtinemus
597 2866 721 2919 dum
750 2866 801 2919 in
835 2864 933 2920 hac
954 2865 1059 2918 vita
1089 2879 1385 2928 versamur,
1418 2862 1510 2916 sed
1543 2872 1856 2931 perpetuum

266 2966 352 3010 est
390 2965 661 3011 certamen
684 2995 698 3021 ,
726 2965 785 3010 ut
808 2965 862 3010 et
890 2955 1165 3024 splendida
1205 2953 1296 3008 ﬁat
1323 2968 1540 3007 corona.
1570 2953 1859 3021 Pmpterea

270 3047 467 3101 Paulus
494 3061 593 3101 nos
613 3060 826 3116 semper
853 3054 1044 3110 armat,
1075 3046 1196 3114 quia
1223 3044 1347 3099 belli
1369 3054 1448 3098 est
1481 3053 1708 3112 tempus,
1737 3041 1860 3111 quia

269 3140 456 3210 vigilat
483 3153 696 3208 semper
744 3138 935 3194 hostis.
980 3138 1142 3190 Visne
1185 3136 1478 3204 intelligere
1517 3135 1859 3204 cupiditatem

273 3245 380 3284 non
412 3230 590 3283 minus
615 3243 772 3299 quam
814 3229 988 3298 ignem
1019 3227 1212 3281 urere?
1244 3226 1382 3279 Audi
1421 3224 1762 3280 Salomonem
1784 3223 1864 3278 di-

273 3329 507 3387 centem,
531 3319 814 3374 Ambulabit
830 3321 940 3389 quis
967 3334 1118 3388 super
1145 3334 1337 3388 prunas
1361 3317 1509 3387 ignis,
1529 3325 1575 3370 et
1592 3317 1743 3386 pedes
1763 3319 1865 3369 non

273 3410 568 3464 comburet?
607 3410 679 3463 sic
706 3410 794 3479 qui
819 3410 975 3462 intrat
1014 3409 1082 3460 ad
1111 3406 1368 3459 mulierem
1398 3406 1614 3473 proximi
1659 3407 1772 3470 sui,
1820 3414 1866 3460 et

275 3499 363 3567 qui
389 3499 550 3569 tangit
574 3513 721 3564 eam,
770 3514 872 3551 non
900 3498 992 3550 erit
1030 3495 1263 3549 innoxius
1307 3494 1499 3563 (Prov.
1532 3494 1584 3550 6.
1612 3495 1702 3550 28.
1735 3495 1863 3565 29).

280 3589 443 3645 Vides
470 3598 528 3642 ut
554 3597 742 3642 natura
772 3587 1075 3657 cupiditatis
1106 3596 1347 3640 naturam
1389 3586 1523 3655 ignis
1549 3586 1868 3641 aamuletur?

277 3679 429 3736 Sicut
453 3679 595 3734 enim
621 3678 738 3735 fieri
768 3680 970 3749 nequit,
998 3689 1056 3731 ut
1075 3679 1164 3747 qui
1192 3678 1359 3747 tangit
1387 3680 1584 3747 ignem,
1610 3693 1714 3732 non
1745 3694 1868 3733 ura-

281 3779 408 3824 tur:
446 3769 520 3822 ita
545 3767 902 3823 formosorum
941 3768 1183 3822 vultuum
1208 3777 1459 3836 aspectus
1486 3767 1607 3836 igne
1646 3767 1873 3822 celerius

282 3861 484 3915 lascive
519 3860 814 3915 intuentem
841 3858 1072 3912 animam
1113 3859 1364 3928 corripit;
1393 3865 1447 3912 et
1476 3858 1620 3912 velut
1644 3872 1874 3913 accensn

282 3949 455 4005 facilis
490 3949 731 4019 quzedam
764 3949 1044 4014 materies,
1077 3948 1148 4002 ita
1173 3963 1398 4017 corpora
1435 3948 1676 4017 speciosa
1715 3949 1874 4002 lasci-

284 4055 480 4095 vorum
503 4041 669 4095 oculis
689 4048 814 4094 sunt
841 4039 1070 4108 objecta.
1102 4038 1460 4106 Quamobrem
1480 4046 1758 4108 aspectum
1782 4054 1877 4092 ex-

285 4133 542 4187 teriorem
585 4132 888 4202 cupiditatis
935 4131 1041 4200 igni
1074 4144 1177 4184 non
1219 4137 1431 4198 oportet
1468 4129 1522 4183 in
1566 4129 1877 4183 alimentum

286 4222 506 4296 offerre,
531 4222 624 4278 sed
651 4222 798 4276 omni
819 4237 882 4274 ex
904 4229 1056 4290 parte
1077 4220 1329 4291 cohibere
1353 4220 1523 4282 illum,
1547 4219 1885 4289 cogitationi-

288 4315 389 4369 bos
418 4315 521 4384 piis
551 4314 927 4383 exstinguere,
973 4322 1132 4382 atque
1167 4311 1389 4366 ulterius
1415 4320 1747 4380 grassantem
1788 4312 1883 4366 de-

289 4405 659 4474 ﬂagrationem
687 4403 979 4468 refrenare,
1011 4417 1110 4458 nec
1139 4403 1302 4456 animi
1334 4403 1500 4457 nostri
1530 4405 1881 4460 constantiam

291 4495 472 4549 sinere
498 4494 853 4562 supplantari.
885 4493 1025 4548 Sane
1049 4493 1264 4562 quidem
1287 4493 1528 4562 voluptas
1553 4495 1750 4562 omnis,
1778 4511 1885 4566 quo

293 4594 539 4654 tempore
578 4585 1005 4654 perturbationes
1027 4584 1412 4654 praevaluerint
1432 4625 1446 4649 ,
1473 4585 1612 4652 solet
1649 4587 1885 4642 animum

293 4675 418 4745 igne
464 4674 836 4728 vehementius
864 4673 1216 4741 inﬂammare,
1249 4675 1351 4729 nisi
1382 4676 1501 4745 quis
1528 4675 1736 4731 fortiter
1764 4693 1885 4732 cum

293 4764 578 4820 tolerantia
622 4764 832 4834 fideque
873 4765 1133 4819 adversus
1183 4766 1419 4836 singulas
1465 4769 1890 4836 perturbationes

294 4855 582 4910 decertet:
615 4869 722 4925 quo
756 4864 913 4924 pacto
955 4856 1142 4910 beatus
1179 4867 1340 4925 atque
1364 4873 1658 4927 generosus
1687 4859 1891 4915 athleta

297 4946 500 5001 Christi
535 4945 780 5002 Barlaam
820 4944 944 5028 fecit
964 4987 978 5012 ,
1011 4946 1139 5000 dum
1169 4962 1359 5003 manus
1397 4950 1564 5017 ipsius
1595 4959 1886 5020 torquetur,

297 5039 559 5108 integram
580 5038 630 5091 in
657 5037 876 5094 dextera
898 5053 1082 5110 pyram
1103 5048 1338 5109 gestans,
1363 5055 1462 5095 nec
1477 5041 1647 5096 dolori
1673 5043 1890 5107 cedens,

297 5129 391 5188 sed
425 5130 495 5183 ita
523 5127 777 5193 affectus,
814 5138 870 5182 ut
900 5130 1076 5184 minus
1104 5145 1262 5200 quam
1291 5139 1464 5185 statua
1491 5131 1766 5188 doloribus
1789 5134 1892 5188 ob-

299 5220 494 5276 noxius
522 5227 685 5276 esset.
709 5218 821 5276 lmo
847 5235 975 5274 vero
1001 5221 1215 5276 dolebat
1240 5221 1329 5276 ille
1359 5222 1573 5290 quidem
1594 5266 1608 5288 ,
1633 5239 1695 5278 ac
1729 5226 1897 5294 patie-

299 5316 492 5378 batur;
515 5327 712 5382 corpus
736 5311 878 5368 enim
907 5322 1054 5378 erat,
1080 5312 1224 5382 quod
1260 5313 1602 5382 subjacebat,
1650 5329 1756 5370 non
1790 5316 1899 5371 fer-

302 5420 417 5458 rum
453 5421 465 5456 :
502 5403 596 5458 sed
622 5403 810 5458 dolens
839 5419 902 5459 ac
929 5405 1138 5474 patiens
1163 5405 1597 5474 incorporearum
1639 5408 1895 5462 virtutum

302 5497 353 5548 in
387 5495 600 5549 mortali
622 5509 849 5562 corpore
878 5494 1270 5564 phil050phiam
1300 5512 1407 5564 pra)
1433 5511 1492 5551 se
1516 5497 1738 5560 ferebat.

373 5587 430 5639 2.
474 5585 840 5641 Narrationem
864 5587 926 5641 de
951 5587 1196 5656 martyrio
1223 5584 1467 5639 Bai-luam
1496 5588 1826 5642 orditur.—V
1837 5605 1898 5645 c—

309 5679 706 5732 rumcnimvero
733 5677 1048 5748 martyrium
1075 5678 1191 5747 ejus
1217 5677 1373 5731 altius
1391 5692 1617 5732 exorsus
1645 5681 1894 5746 narrabo,

309 5784 366 5826 ιιι
395 5770 734 5826 manifestior
765 5770 854 5824 liat
881 5771 1103 5825 historia
1129 5787 1141 5821 :
1179 5780 1231 5823 tu
1260 5785 1388 5824 vero
1417 5769 1672 5823 malitiam
1704 5770 1900 5827 diaboli

303 5865 604 5922 considera.
628 5862 896 5930 Quosdam
941 5862 1155 5934 quidem
1181 5872 1488 5920 sanctorum
1518 5862 1572 5918 in
1598 5864 1897 5934 sartagines

1278 480 1342 537 IN
1384 480 1440 536 S.
1485 473 1912 534 BARLAAMUM
1951 471 2361 528 MARTYREM.

3377 466 3477 522 678

1942 585 2185 655 impulit,
2214 583 2470 654 quosdam
2500 589 2679 638 autem
2711 581 2762 635 in
2795 579 2997 635 lebetes
3027 579 3246 634 immisit
3287 580 3408 650 igne
3436 595 3527 632 ve-

1941 678 2246 732 hementius
2280 676 2598 738 bullientes;
2629 681 2683 729 et
2709 674 2900 727 horum
2925 672 3138 742 quidem
3169 671 3332 726 latera
3361 658 3524 724 iania-

1942 770 2038 836 vit,
2070 769 2188 822 illos
2210 776 2385 822 autem
2415 768 2469 820 in
2505 781 2652 820 mare
2676 765 2933 820 demersit
2959 781 2972 816 :
3005 764 3138 819 alios
3176 764 3361 818 bestiis
3382 763 3532 824 obje-

1941 860 2035 924 cit,
2070 859 2205 913 alios
2249 858 2301 911 in
2343 857 2614 911 fornacem
2645 855 2857 925 injecit;
2910 863 2964 908 et
3013 853 3202 908 horum
3241 866 3533 921 compages

1943 951 2305 1005 membrorum
2333 948 2569 1014 divulsit,
2604 948 2814 1002 illorum
2845 946 3019 999 adhuc
3040 945 3334 1000 viventium
3365 946 3534 1015 pelles

1944 1041 2172 1097 detraxit
2196 1056 2209 1092 :
2237 1040 2459 1094 aliorum
2485 1038 2779 1094 cruentatis
2796 1038 3107 1106 Corporibus
3131 1053 3327 1108 prunas
3348 1037 3532 1104 subje-

1944 1131 2039 1196 cit,
2069 1130 2208 1184 unde
2229 1128 2475 1184 scintilla:
2505 1127 2853 1197 prosiliebant
2883 1128 2934 1180 in
2966 1127 3166 1192 ulcera,
3193 1126 3307 1180 fera
3336 1126 3524 1195 quavis

1944 1221 2189 1276 acerbius
2219 1219 2440 1273 vulnera
2469 1218 2776 1272 mordentes
2807 1233 2822 1272 ε
2854 1217 2972 1270 aliis
2997 1218 3098 1271 alia
3130 1217 3372 1286 graviora
3409 1231 3537 1286 sup-

1947 1312 2106 1381 plicia
2131 1310 2485 1380 excogitabat.
2519 1309 2807 1377 Postquam
2832 1308 2994 1377 igitur
3020 1307 3134 1362 haec
3158 1308 3335 1363 omnia
3358 1307 3536 1362 derisa

1946 1402 2095 1465 vidit,
2124 1410 2178 1455 et
2200 1415 2294 1456 eos
2313 1401 2398 1469 qui
2422 1400 2562 1469 passi
2582 1398 2695 1453 hcec
2716 1397 2949 1464 fuerant,
2976 1412 3098 1452 cum
3121 1413 3183 1453 ca
3213 1397 3378 1452 multa
3410 1396 3538 1453 faei-

1948 1493 2095 1546 litate
2141 1506 2204 1546 ac
2246 1489 2601 1560 prtestantiori
2652 1489 2846 1542 virtute
2893 1498 3274 1558 superassent,
3329 1490 3542 1544 cmteris

1947 1583 2036 1650 qui
2082 1579 2502 1649 sequuturi'eos
2551 1586 2732 1633 essent
2785 1586 2841 1632 et
2885 1577 2940 1631 in
2993 1578 3289 1632 certamina
3347 1577 3540 1632 eadem

1949 1669 2299 1735 descensuri,
2345 1683 2592 1737 magnam
2635 1667 2976 1723 conﬁdentiae
3018 1668 3354 1721 occasionem
3399 1676 3540 1720 attu-

1950 1763 2077 1816 lisse
2108 1779 2122 1818 :
2153 1761 2279 1832 quid
2299 1760 2447 1831 agit?
2471 1759 2677 1813 Novum
2706 1759 3014 1812 insidiarum
3040 1773 3208 1828 genus
3252 1758 3542 1827 excogitat,

1947 1861 2010 1906 ut
2051 1852 2396 1922 incogitatum
2423 1860 2478 1905 et
2503 1851 2772 1904 insolitum
2812 1850 3130 1919 supplicium
3157 1850 3369 1919 dejiciat
3398 1865 3545 1904 mar-

1953 1943 2085 2014 tyris
2132 1943 2366 1995 animum
2409 1950 2566 2010 atque
2611 1940 2885 2009 percellat.
2928 1940 3081 2008 Quod
3125 1940 3268 1994 enim
3307 1940 3544 1994 auditum

1952 2044 2034 2090 est
2061 2042 2114 2089 et
2137 2035 2404 2104 cognitum
2425 2075 2439 2098 ,
2474 2033 2596 2089 licet
2627 2033 2963 2088 intolerabile
2991 2033 3095 2099 sit,
3144 2034 3546 2101 exSpectatione

1956 2127 2268 2181 meditatum
2296 2124 2450 2181 facile
2481 2126 2532 2180 in
2573 2135 2938 2194 contemptum
2966 2125 3111 2180 venit
3143 2144 3156 2180 :
3196 2126 3338 2194 quod
3366 2135 3545 2180 autem

1956 2224 2037 2271 est
2068 2216 2397 2284 inepinatum
2420 2256 2434 2279 ,
2467 2215 2590 2269 licet
2627 2215 2743 2269 leve
2769 2216 2872 2281 sit,
2902 2214 2953 2268 id
2998 2229 3105 2283 prae
3135 2216 3346 2269 caeteris
3371 2216 3549 2270 omni-

1957 2306 2058 2360 bus
2087 2313 2169 2360 est
2208 2303 2621 2360 intolerandum.
2654 2306 2782 2360 Esto
2831 2305 2988 2375 igitur
3013 2320 3209 2359 novum
3241 2297 3509 2359 certamen
3537 2346 3552 2368 .

1958 2396 2266 2450 inusitatum
2299 2396 2808 2460 machinamentum,
2834 2405 2890 2448 ut
2916 2410 3050 2449 nova
3078 2405 3132 2449 et
3163 2395 3409 2449 inusitata
3439 2395 3554 2464 ejus

1960 2488 2169 2556 species
2198 2487 2562 2554 perturbatum
2594 2486 2747 2541 facile
2783 2486 3037 2540 athletam
3064 2486 3390 2555 supplantet.
3418 2484 3556 2551 Quid

1959 2593 2088 2648 ergo
2116 2579 2275 2632 facit?
2297 2578 2551 2632 Sanctum
2569 2591 2600 2632 e
2617 2591 2832 2632 carcere
2860 2577 3094 2631 vinctum
3125 2576 3321 2632 educit.
3343 2575 3555 2630 Etenim

1965 2669 2068 2723 hoc
2091 2683 2303 2738 quoque
2329 2669 2542 2722 malitia:
2572 2668 2711 2724 illius
2743 2667 2870 2734 fuit,
2911 2667 3054 2738 quod
3077 2667 3254 2723 statim
3298 2682 3326 2720 a
3357 2667 3559 2736 princi-

1967 2762 2057 2830 pio
2094 2776 2283 2829 graves
2322 2760 2598 2816 machinas
2640 2776 2744 2814 non
2776 2760 3102 2824 admoverit,
3151 2775 3252 2814 nec
3296 2759 3562 2814 horrenda

1967 2851 2226 2920 supplicia
2259 2852 2527 2917 intulerit,
2556 2850 2651 2907 sed
2675 2866 2704 2905 a
2726 2851 3025 2907 minoribus
3052 2867 3280 2922 pugnam
3313 2852 3560 2917 iniverit;

1969 2941 2223 3012 quidita?
2253 2941 2319 2998 Ut
2347 2942 2394 2996 si
2438 2941 2755 3012 quidem'ii,
2796 2943 2884 3011 qui
2932 2942 3348 3014 depugnabant,
3381 2945 3563 2998 vince-

1965 3041 2171 3097 rentur,
2202 3034 2368 3102 turpis
2401 3032 2552 3088 ﬂeret
2575 3048 2762 3088 eorum
2791 3033 2972 3088 clades
2998 3075 3014 3100 ,
3058 3033 3201 3102 quod
3250 3048 3317 3088 ne
3359 3034 3566 3104 exiguis

1974 3121 2193 3192 quidem
2233 3124 2583 3188 restitissent;
2631 3125 2711 3177 sin
2741 3134 2914 3178 autem
2955 3125 3260 3192 superiores
3285 3133 3467 3180 essent
3507 3140 3569 3180 ac

1973 3211 2288 3288 vincerent,
2340 3228 2461 3268 eum
2493 3214 2546 3268 in
2600 3214 2896 3268 minoribus
2950 3215 3097 3284 prius
3125 3229 3311 3268 eorum
3358 3216 3570 3270 afﬂicta:

1975 3304 2116 3358 vires
2153 3311 2362 3370 essent,
2388 3319 2418 3357 a
2464 3305 2755 3373 majoribus
2784 3306 3076 3374 expugnari
3123 3304 3280 3360 facile
3331 3317 3571 3374 possent.

1974 3392 2180 3448 Idcirco
2205 3395 2412 3448 minora
2446 3395 2590 3463 prius
2619 3394 2890 3461 adhibuit,
2920 3404 2976 3448 ut
3005 3395 3118 3450 sive
3157 3396 3570 3466 expugnaverit,

1974 3487 2087 3541 sive
2131 3501 2238 3540 non
2270 3486 2683 3557 expugnaverit,
2716 3501 2804 3541 res
2861 3496 3055 3555 praeter
3094 3494 3275 3541 votum
3317 3501 3423 3540 non
3453 3501 3575 3542 snc-
3643 3529 3646 3532 .

1976 3576 2175 3631 cedat:
2207 3575 2332 3631 Sive
2361 3577 2502 3630 enim
2548 3591 2957 3646 expugnavere,
2990 3577 3197 3646 inquit,
3249 3577 3396 3646 ipsos
3435 3576 3576 3632 deri-

1979 3681 2132 3732 sero;
2164 3667 2207 3721 si
2232 3677 2410 3722 autem
2430 3682 2535 3722 non
2565 3682 2961 3746 expugnavere,
2989 3667 3314 3730 infirmiores
3340 3667 3406 3723 ad
3437 3669 3577 3723 lutu-

1979 3774 2039 3814 ra
2065 3759 2366 3815 reddidero.
2398 3761 2440 3815 E
2469 3775 2687 3816 carcere
2712 3761 2868 3831 igitur
2891 3761 3065 3828 ipsum
3084 3759 3294 3826 educit;
3324 3760 3414 3815 ille
3449 3775 3579 3814 vero

1983 3861 2251 3922 tamquam
2281 3865 2574 3922 generosus
2617 3851 2815 3906 athleta
2847 3851 3014 3904 multo
3046 3860 3286 3920 tempore
3324 3851 3378 3905 in
3419 3850 3580 3921 pals:-

1983 3953 2092 3998 stra
2137 3945 2461 3999 exercitatus
2503 3945 2683 3998 exibat
2711 3960 2724 3996 :
2752 3944 2997 4014 palarstra
3049 3943 3312 4014 siquidem
3361 3946 3584 4015 martyri

1985 4050 2170 4091 carcer
2195 4045 2344 4102 erat;
2374 4036 2552 4105 ibique
2593 4050 2835 4090 seorsum
2866 4050 2986 4089 cum
3019 4035 3131 4090 Deo
3174 4035 3486 4105 colloquens
3514 4036 3585 4090 ab

1987 4128 2082 4182 illo
2122 4139 2311 4184 cuncta
2341 4128 2648 4183 luetationis
2691 4127 2912 4182 artificia
2962 4127 3199 4182 discebat
3238 4145 3253 4181 :
3306 4127 3397 4182 ubi
3441 4127 3585 4183 enim

1990 4222 2114 4275 talia
2143 4220 2386 4287 vincula,
2416 4221 2488 4275 ibi
2518 4228 2572 4274 et
2608 4219 2854 4275 Christus
2879 4219 3052 4283 adest.

2063 4313 2406 4384 Imponuntur
2432 4313 2607 4366 manui
2635 4313 2743 4382 ejus
2772 4327 2952 4382 pruna
2976 4313 3244 4375 ardentes;
3265 4310 3482 4381 eleganti
3511 4309 3586 4364 si-

1993 4406 2281 4459 militudine
2305 4404 2493 4473 factum
2520 4415 2748 4458 exornat.
2770 4433 2841 4443 —
2870 4401 3050 4472 Itaque
3070 4401 3443 4473 egrediebatur
3469 4403 3588 4457 lon-

1994 4497 2130 4566 giori
2155 4495 2386 4550 carceris
2427 4493 2756 4548 habitatione
2776 4493 3044 4548 robustior
3075 4492 3247 4548 factus
3271 4510 3285 4558 ;
3311 4509 3585 4563 egressum

1996 4595 2176 4641 autem
2207 4585 2355 4639 illum
2385 4599 2506 4638 eum
2548 4585 2599 4638 in
2646 4583 2882 4638 medium
2928 4583 3170 4638 diabolus
3208 4598 3302 4653 per
3329 4599 3458 4649 eos,
3499 4587 3591 4655 qui

1998 4675 2166 4746 ipsius
2195 4674 2524 4745 improbitati
2554 4673 2966 4737 famulabantur,
3000 4673 3342 4738 adduxisset,
3374 4692 3478 4728 non
3526 4676 3590 4728 ad

1999 4767 2285 4837 equuleum
2333 4764 2606 4834 alligavit,
2665 4780 2770 4818 non
2823 4763 3167 4818 carniﬁcibus
3207 4765 3373 4820 cinxit
3413 4783 3425 4819 :
3479 4767 3594 4821 haec

2001 4857 2142 4910 enim
2169 4870 2293 4909 eum
2319 4869 2642 4924 percupere,
2667 4869 2730 4908 ac
2761 4853 3188 4924 przemeditatum
3221 4871 3340 4910 esse
3363 4856 3593 4927 jampri—

2002 4946 2122 5000 dem
2146 4946 2395 5010 vidcbat;
2427 4945 2519 5000 sed
2551 4945 2784 4999 insolens
2811 4945 3077 5015 quoddam
3124 4961 3187 5001 ac
3216 4962 3408 5001 novum
3434 4991 3447 5016 ,
3498 4965 3598 5004 nec

2004 5052 2252 5106 umquam
2276 5035 2613 5091 formidatum
2646 5035 3132 5092 machinamentum
3162 5039 3415 5094 admovet
3443 5043 3594 5105 turri,

2005 5143 2112 5198 quo
2142 5127 2296 5181 facile
2337 5127 2505 5196 possit
2535 5125 2846 5180 deturbari:
2896 5127 2997 5180 hoc
3026 5127 3170 5182 enim
3201 5138 3312 5195 est,
3355 5129 3499 5198 quod
3545 5131 3598 5185 in

2005 5221 2252 5276 omnibus
2281 5220 2459 5275 studet
2498 5221 2758 5283 maxime,
2789 5230 2842 5274 ut
2871 5222 3175 5290 supplantet
3206 5223 3412 5291 potius,
3443 5240 3600 5293 quam

2006 5321 2063 5366 ut
2088 5312 2274 5366 dolore
2311 5321 2558 5381 torqueat
2587 5321 2822 5366 sanctos.
2853 5311 3132 5378 Quodnam
3162 5314 3320 5382 igitur
3361 5314 3493 5369 illud
3523 5324 3605 5369 est

2007 5403 2532 5458 machinamentum?
2562 5401 2693 5457 Cum
2717 5418 2877 5472 super
2901 5419 3048 5458 aram
3073 5405 3363 5460 extendere
3386 5421 3602 5460 manum

2009 5499 2250 5568 supinam
2275 5497 2563 5566 jussissent
2589 5537 2603 5560 ,
2650 5511 2847 5565 prunas
2879 5506 2931 5551 et
2955 5498 3080 5552 thus
3107 5498 3285 5552 manui
3327 5498 3604 5569 imposue—

2011 5598 2170 5654 runt,
2201 5597 2256 5642 ut
2285 5589 2329 5642 si
2375 5586 2554 5642 doleat
2583 5603 2645 5642 ac
2680 5603 2898 5642 manum
2950 5589 3212 5655 invertat,
3261 5589 3483 5658 perinde
3533 5590 3610 5646 illi

2011 5683 2208 5737 factum
2238 5682 2498 5750 impnteut
2520 5722 2533 5745 ,
2568 5695 2628 5734 ac
2664 5681 2704 5734 si
2729 5681 3284 5752 saeriiicaveritatque
3308 5691 3610 5750 transgres-

2013 5787 2104 5825 sus
2146 5771 2328 5839 lapsus
2357 5771 2531 5825 fuerit.
2569 5770 2730 5825 Vides
2754 5787 2911 5841 quam
2947 5771 3193 5827 versutus
3220 5769 3292 5824 sit
3319 5771 3609 5826 diabolus?

2019 5865 2085 5918 At
2117 5863 2255 5932 vide,
2287 5879 2390 5934 quo
2414 5871 2565 5934 pacto
2603 5863 2675 5928 is,
2712 5865 2798 5931 qui
2829 5860 3227 5933 comprehendit
3261 5862 3529 5932 sapientes
3552 5870 3606 5926 in
