4084 6440
566 398 670 456 679

566 513 759 567 astutia
785 521 969 567 eorum
994 506 1113 579 (Iob
1145 506 1197 562 Β.
1227 506 1317 577 l3)
1336 544 1354 573 ,
1381 504 1526 559 irrita
1559 502 1700 556 illius
1719 497 2139 553 machinamenta

571 601 895 666 reddiderit,
916 609 971 655 et
998 597 1304 653 insidiarum
1328 593 1651 665 diligentiam
1682 589 2017 656 malitiaiquae
2043 600 2137 637 va-

570 693 759 745 fritiem
786 691 839 743 in
866 689 1158 743 anetarium
1176 697 1229 741 et
1253 686 1520 740 cumulum
1536 681 1732 751 gloria:
1754 676 2001 747 martyris
2020 689 2134 727 am~

570 779 750 848 plioris
784 781 1019 832 verterit.
1063 775 1191 829 Nam
1227 790 1344 828 cum
1376 770 1667 826 innumeris
1693 768 1849 822 rebus
1876 764 2137 820 malitiose

569 869 922 937 perpetratis,
971 866 1299 921 adversarius
1331 863 1519 917 deinde
1564 861 1734 915 victus
1785 854 2136 917 abscesserit,

570 970 677 1012 tum
707 960 962 1013 illustrior
988 956 1161 1011 evadit
1202 954 1399 1006 athleta
1447 951 1695 1021 pietatis:
1734 950 1783 1003 id
1810 948 1947 1018 quod
1978 948 2137 1000 etiam

572 1050 657 1104 hic
684 1049 877 1104 evenit.
908 1047 1099 1102 Beatus
1145 1046 1285 1099 enim
1330 1043 1569 1098 Barlaaut
1593 1056 1689 1096 nec
1712 1034 2011 1093 inclinatam
2042 1049 2140 1089 nec

570 1141 831 1194 inversum
859 1152 1071 1192 manum
1103 1144 1288 1190 tenens
1337 1133 1658 1202 permansit,
1714 1130 1861 1200 quasi
1907 1144 1971 1181 ex
2000 1126 2140 1180 ferro

567 1228 848 1283 conﬂatam
869 1227 1089 1281 haberet
1113 1244 1125 1278 :
1154 1226 1395 1295 quamvis
1413 1225 1455 1278 si
1480 1235 1736 1278 conversa
1758 1222 1901 1291 foret
1928 1232 2136 1282 manus,

518 1346 521 1349 λ
572 1334 639 1376 ne
666 1321 742 1373 sic
762 1318 974 1387 quidem
1002 1317 1249 1387 martyris
1282 1315 1332 1368 id
1358 1317 1559 1369 crimen
1583 1314 1784 1365 fuisset.

636 1414 690 1467 ὅ.
725 1412 819 1464 llic
846 1410 976 1463 mihi
1004 1408 1281 1478 diligenter
1308 1407 1537 1459 animum
1562 1417 1748 1458 omnes
1767 1400 2025 1455 advertite
2045 1440 2059 1461 ,
2086 1407 2143 1451 ut

569 1499 905 1569 intelligatis,
934 1498 1143 1553 tametsi
1176 1496 1389 1549 dextera
1423 1495 1605 1547 fuisset
1638 1492 1877 1555 inversa,
1923 1503 2029 1542 non
2060 1497 2138 1540 ta-

571 1604 691 1642 men
732 1588 929 1642 idcirco
954 1588 1151 1640 victum
1180 1598 1301 1638 eum
1330 1580 1737 1637 existimandum
1768 1579 1927 1634 fuisse
1957 1597 1971 1634 ε
2016 1577 2141 1647 quid

570 1680 684 1733 ita?
710 1679 841 1746 Quia
873 1676 1122 1731 nimirum
1142 1716 1158 1741 ,
1190 1684 1248 1729 ut
1281 1674 1349 1729 de
1395 1675 1529 1738 illis,
1561 1674 1752 1743 quibus
1790 1673 1953 1726 latera
1987 1670 2143 1723 dera-

567 1770 784 1834 duntur,
832 1777 925 1823 aut
974 1768 1067 1837 qui
1107 1767 1211 1820 alia
1257 1768 1500 1835 quapiam
1549 1765 1756 1818 ratione
1803 1768 2137 1830 torquentur,

563 1862 861 1931 jndicamus
885 1900 899 1924 ,
928 1861 999 1914 ita
1036 1860 1121 1915 hic
1157 1873 1367 1929 quoque
1398 1857 1654 1926 judicium
1707 1854 1984 1911 ferendum
2036 1862 2138 1906 cst.

568 1954 699 2008 Nam
763 1954 807 2007 si
868 1952 1082 2021 quidem
1152 1952 1412 2007 cesserint
1465 1963 1529 2003 ac
1593 1946 1980 2011 sacriﬁcarint,
2033 1954 2141 1998 tum

569 2046 623 2098 in
695 2042 1104 2097 imbecillitatem
1153 2041 1364 2094 illorum
1412 2040 1567 2109 culpa
1619 2038 1955 2102 transfertur,
2000 2033 2141 2106 quod

570 2149 691 2188 cum
721 2132 930 2187 dolores
970 2131 1188 2185 minime
1217 2130 1439 2196 ferrent,
1483 2130 1865 2193 sacrificarint;
1913 2128 1958 2182 si
1987 2142 2141 2191 vero,

570 2238 692 2276 cum
726 2224 776 2275 in
806 2223 1087 2277 tormentis
1127 2230 1598 2290 perseverassent,
1626 2220 1895 2273 dolueriut
1924 2218 1997 2272 illi
2025 2217 2143 2286 qui-

569 2313 689 2366 dem
726 2311 795 2364 ob
822 2327 881 2366 ea
903 2353 917 2375 ,
946 2325 1063 2378 qua:
1091 2310 1442 2380 patiebantur,
1477 2318 1531 2363 at
1551 2309 1857 2379 religionem
1886 2322 1989 2361 non
2020 2321 2146 2375 pro-

571 2402 830 2465 diderint,
868 2402 1065 2455 nullum
1098 2401 1170 2454 eis
1202 2415 1231 2453 a
1258 2416 1521 2469 quoquam
1556 2409 1771 2469 propter
1800 2399 1897 2452 hos
1936 2399 2145 2451 dolores

571 2492 771 2546 crimen
816 2491 1164 2560 impingitur;
1196 2491 1321 2560 quin
1353 2491 1526 2560 potius
1555 2489 1782 2558 amplius
1809 2503 1902 2542 eos
1951 2488 2146 2542 idcirco

575 2582 842 2639 efferimus
882 2595 945 2635 ac
970 2581 1274 2645 laudamus,
1321 2582 1461 2650 quod
1508 2580 1777 2634 doloribus
1815 2578 1987 2633 aﬂ‘ccti
2016 2578 2148 2631 tole-

568 2672 838 2737 raverint,
882 2686 979 2727 nec
1016 2671 1346 2741 abnegarint.
1389 2670 1457 2725 Et
1501 2671 1586 2725 hic
1626 2671 1801 2740 igitur,
1852 2668 2143 2738 siquidem,

570 2781 690 2821 cum
740 2766 818 2820 uri
889 2781 947 2822 se
997 2780 1102 2820 non
1157 2764 1345 2831 ferret,
1400 2766 1588 2820 beatus
1651 2765 1889 2819 Barlaam
1943 2764 2147 2819 sacrifi-

570 2868 810 2911 Catnrum
875 2873 934 2913 se
1012 2857 1384 2927 promisisset,
1451 2857 1619 2911 vietus
1685 2865 1857 2920 esset;
1910 2854 1954 2909 si
2021 2868 2147 2909 vero

572 2966 677 3004 non
705 2951 926 3005 cedente
955 2951 1043 3005 illo
1074 2964 1259 3003 manus
1290 2951 1496 3003 inversa
1526 2950 1741 3014 fuisset,
1775 2964 1877 3002 non
1903 2948 2011 3017 jam
2045 2947 2148 3001 hoc

574 3044 821 3114 martyris
838 3044 998 3101 animi
1028 3044 1229 3097 crimen
1248 3053 1389 3095 esset
1423 3061 1435 3094 :
1468 3059 1575 3095 non
1604 3043 1744 3095 cnim
1770 3057 1833 3096 ex
1864 3041 2147 3093 voluntatis

574 3134 910 3198 infirmitate,
957 3132 1047 3187 scd
1087 3144 1288 3186 natum:
1316 3146 1601 3186 nervorum
1634 3146 1730 3184 suo
1764 3132 1942 3200 vigore
1980 3130 2148 3183 desti-

575 3235 697 3277 tuta:
718 3262 732 3285 ,
756 3223 894 3291 quod
927 3223 1073 3276 inviti
1092 3223 1248 3276 etiam
1274 3223 1439 3275 sancti
1466 3236 1652 3276 manus
1681 3222 1748 3276 ab
1799 3223 1922 3291 igne
1963 3222 2151 3275 fuisset

574 3315 794 3380 inflexa,
829 3315 965 3369 istud
1011 3317 1337 3385 contigisset.
1371 3314 1827 3382 Quemadmodum
1868 3314 2008 3368 enim
2051 3314 2146 3380 iis,

574 3408 766 3475 quibus
812 3406 1140 3461 deraduntur
1187 3409 1381 3470 latera,
1438 3421 1540 3459 non
1594 3404 1803 3459 crimini
1853 3405 2145 3471 vertimus,

574 3498 711 3566 qut-od
741 3513 925 3551 eorum
965 3513 1089 3551 caro
1117 3497 1411 3552 dissccctur
1445 3516 1457 3550 :
1499 3499 1605 3551 imo
1633 3507 1689 3550 ut
1716 3496 1933 3565 propius
1964 3511 2147 3550 exem-

576 3592 716 3659 plum
748 3591 1001 3644 adducam
1028 3631 1043 3655 ,
1071 3593 1205 3645 sicut
1231 3606 1351 3655 eos,
1385 3592 1473 3661 qui
1506 3591 1636 3645 febri
1676 3600 1767 3643 aut
1816 3604 2031 3659 spasmo
2071 3589 2150 3643 la-

576 3683 799 3745 borant,
838 3696 993 3735 nemo
1034 3682 1393 3746 accusaverit,
1438 3683 1578 3750 quod
1612 3682 1713 3734 illis
1742 3697 1928 3735 manus
1970 3684 2150 3735 incur-

577 3784 761 3828 ventur
794 3790 934 3827 :non
966 3775 1105 3829 enim
1147 3776 1196 3829 id
1245 3789 1428 3829 eorum
1452 3776 1670 3844 ignavia:
1713 3777 1865 3844 culpa
1914 3777 2001 3843 fit,
2055 3774 2150 3829 Sed

575 3868 712 3937 quod
745 3869 1014 3921 humorem
1059 3867 1248 3921 ardore
1274 3868 1440 3921 morbi
1480 3867 2015 3936 dcpaseenteprwtcr
2058 3884 2151 3919 na-

578 3969 748 4011 turam
807 3973 1060 4029 compago
1122 3974 1401 4011 nervorum
1467 3958 1811 4012 contrahatur
1860 3976 1872 4009 :
1936 3959 2005 4011 ita
2054 3972 2152 4011 nec

577 4060 816 4103 sanctum
863 4048 1037 4113 hunc,
1082 4048 1125 4101 si
1166 4064 1420 4103 conversa
1468 4064 1654 4102 manus
1678 4057 1853 4111 esset,
1902 4064 2153 4103 accusare

577 4142 694 4210 quis
725 4140 997 4208 potuisset.
1050 4140 1105 4193 Si
1130 4140 1269 4192 enim
1326 4140 1486 4193 febris
1538 4139 1703 4192 invito
1752 4140 1910 4193 etiam
1955 4148 2154 4208 mgroto

579 4232 811 4285 membra
862 4229 1176 4284 contrahere
1208 4238 1395 4282 natura
1421 4245 1514 4283 sua
1555 4230 1832 4283 consuevit
1861 4244 1923 4282 ac
1961 4229 2156 4282 distor-

577 4338 759 4393 quere,
792 4324 956 4374 multo
1007 4322 1172 4391 magis
1217 4321 1314 4375 hoc
1358 4322 1617 4389 iiitpnsita:
1653 4320 1888 4374 dextera:
1936 4335 2150 4387 pruna},

579 4414 735 4467 etiam
765 4423 993 4483 martyre
1025 4428 1127 4465 non
1157 4412 1660 4481 cedentc,prtestare
1702 4419 1986 4479 potuerunt
2018 4429 2030 4463 :
2062 4426 2155 4463 ve-

580 4512 873 4557 rmntamcn
896 4518 995 4557 non
1014 4504 1385 4571 praistiterunt,
1412 4511 1466 4555 ut
1481 4517 1543 4555 ex
1563 4503 1846 4557 abundanti
1865 4516 2157 4571 cognoscas

578 4600 799 4669 gratiam
836 4598 925 4650 Dei
958 4598 1149 4657 fuisse,
1192 4612 1312 4664 quzc
1342 4598 1495 4648 simul
1542 4594 1755 4658 aderat,
1804 4606 1856 4649 ct
1898 4595 2155 4648 corrobo-

580 4691 727 4742 rabat
770 4689 1020 4742 athle!am
1043 4729 1056 4751 ,
1086 4704 1147 4741 ac
1178 4698 1379 4740 natura:
1404 4687 1665 4741 defectum
1696 4688 2026 4755 corrigebat:
2061 4701 2158 4740 nec

582 4787 631 4837 in
666 4785 766 4839 hoc
809 4787 917 4853 ipsa
963 4783 1245 4853 quidquam
1277 4798 1371 4834 sua
1411 4780 1715 4834 conditione
1749 4790 1801 4833 et
1849 4779 2157 4832 infirn‘titate

580 4878 792 4947 dignum
842 4892 991 4943 passa
1022 4885 1130 4937 est,
1164 4874 1255 4927 scd
1295 4872 1443 4942 quasi
1486 4889 1550 4925 ex
1599 4872 1878 4925 adamante
1910 4883 2156 4924 concreta

580 4978 754 5029 esset,
814 4983 1000 5019 manus
1046 4966 1133 5017 illa
1188 4963 1534 5037 permanebat
1587 4964 1822 5014 immota.
1870 4962 1999 5026 Quis
2049 4968 2158 5013 tum

582 5064 629 5115 id
657 5077 882 5117 cernens
908 5077 1010 5115 non
1042 5060 1401 5127 obstupuiSSct
1427 5059 1449 5111 ?
1478 5057 1594 5126 quis
1623 5074 1726 5109 non
1760 5054 2162 5110 cohorruisset?

581 5156 903 5222 Spectabunt
967 5153 1172 5206 carlitus
1231 5150 1440 5219 angeli,
1510 5147 2005 5215 contemplabantur
2065 5162 2156 5199 ar-

582 5247 825 5315 rllnllgcii
858 5264 871 5298 :
904 5246 1212 5313 przrclarum
1244 5252 1357 5296 erat
1384 5241 1743 5309 spectaculum
1770 5281 1785 5304 ,
1816 5242 1953 5309 quod
1979 5249 2032 5293 et
2063 5239 2161 5292 litt-

587 5356 793 5391 manant
836 5337 990 5404 plane
1018 5344 1260 5387 naturam
1288 5333 1598 5387 excedebat.
1631 5331 1760 5399 Quis
1788 5332 1929 5384 enim
1978 5331 2160 5384 videre

588 5446 689 5483 non
744 5437 977 5496 Optasset
1015 5425 1280 5478 hominem
1328 5424 1720 5485 decertantem,
1773 5435 1871 5474 nec
1918 5437 2015 5484 ea,
2046 5436 2164 5491 qua:

588 5534 709 5573 Sunt
753 5521 1022 5574 hominum
1046 5562 1058 5583 ,
1090 5518 1414 5586 patientem?
1441 5516 1529 5584 qui
1557 5516 1725 5568 altare
1753 5514 1914 5575 idem,
1954 5526 2007 5567 et
2083 5515 2162 5565 vi-

590 5615 767 5674 eziina,
796 5625 845 5667 ct
869 5614 1117 5666 sacerdos
1145 5610 1309 5661 factus
1336 5608 1514 5661 esset?
1536 5607 1865 5673 QuaprOptcr
1898 5601 2164 5672 ctdaplex

592 5709 762 5762 fumus
794 5704 1149 5767 ascendebat,
1204 5702 1288 5756 hic
1318 5702 1529 5771 quidem
1572 5698 1739 5753 thuris
1789 5700 2022 5761 incensi,
2080 5699 2168 5755 ilic

594 5816 719 5854 veto
748 5799 1036 5868 liquefacte
1076 5800 1256 5854 carnis
1292 5816 1301 5849 2
1334 5807 1489 5869 atque
1539 5793 1623 5849 hic
1652 5804 1765 5850 crat
1815 5794 1901 5847 illo
1956 5796 2164 5850 suavior

1272 390 1329 446 S.
1369 386 1644 445 «ΙΟΔΝΝῘΞ
1671 371 2141 439 οιιριῖεοετοθίι
2179 374 2495 433 ARCHIEP.
2535 374 3065 434 CONSTANTINOP.

3718 381 3827 436 680

2250 489 2683 558 fumus,eth:nc
2730 492 2840 561 ipsa
2888 493 3225 563 pra-stantior
3268 494 3354 548 illa
3403 494 3706 564 fragrantia.
3761 498 3829 551 Et

2246 579 2517 635 accidebat
2547 582 2689 637 idem
2716 583 2855 652 quod
2886 594 2937 637 et
2968 584 3021 637 in
3050 584 3182 638 rubo
3209 583 3402 657 (Exod.
3421 586 3473 641 3.
3503 587 3643 658 init.)
3670 607 3685 640 :
3714 588 3826 642 sic-

2250 677 2306 721 ut
2330 670 2471 724 enim
2511 672 2672 724 rubus
2716 671 2802 725 ille
2844 673 3093 739 ardebat,
3140 683 3195 728 et
3242 690 3348 729 non
3392 677 3824 739 comburebator,

2249 762 2326 816 sic
2368 769 2422 817 et
2446 762 2529 815 hic
2554 763 2773 817 ardebat
2813 764 3024 832 quidem
3071 764 3319 832 dextera,
3351 768 3443 821 sed
3495 768 3674 821 anima
3718 782 3827 821 non

2250 852 2671 908 incendebatur:
2720 855 3101 909 conficiebatur
3143 871 3375 925 corpus,
3420 868 3475 912 at
3527 858 3659 913 fides
3718 874 3828 913 non

2248 945 2663 999 consumebatur
2697 961 2864 1000 :caro
2911 946 3215 1011 fatiscebat,
3269 958 3323 1000 at
3360 949 3607 1004 alacritas
3662 951 3829 1004 animi

2250 1056 2354 1095 non
2388 1040 2683 1096 fatiscebat.
2714 1043 2774 1096 Et
2808 1057 2988 1111 prome
3013 1042 3227 1113 quidem
3254 1058 3375 1097 cum
3415 1044 3588 1097 volam
3634 1060 3831 1099 manus

2250 1132 2611 1202 perforasscnt
2630 1175 2645 1197 ,
2672 1133 2921 1188 deorsum
2952 1134 3237 1198 cadebant,
3272 1144 3326 1187 at
3351 1134 3541 1189 anima:
3569 1135 3832 1189 fortitudo

2250 1238 2353 1274 non
2376 1223 2723 1287 concidebat;
2752 1223 2846 1277 sed
2870 1238 3059 1277 manus
3088 1222 3301 1292 quidem
3327 1234 3640 1293 consumpta
3665 1235 3749 1281 est
3775 1235 3833 1281 et

2248 1309 2506 1376 difﬂuxit,
2551 1327 2678 1366 caro
2706 1312 2968 1381 siquidem
3001 1321 3151 1378 erat,
3198 1328 3302 1367 non
3351 1314 3594 1378 adamas;
3650 1316 3831 1370 anima

2249 1418 2376 1457 vero
2397 1417 2583 1457 rursus
2607 1405 2828 1457 alteram
2859 1418 3073 1456 manum
3105 1405 3443 1473 requirebat,
3478 1415 3537 1459 ut
3573 1415 3629 1461 et
3655 1408 3707 1461 in
3740 1408 3831 1462 illa

2251 1496 2578 1550 telemntiatn
2607 1496 2903 1551 exhiberet.
2927 1492 2933 1498 ’
2953 1496 3021 1550 Et
3049 1497 3494 1566 quemadmodum
3537 1514 3837 1569 generosus

2249 1589 2400 1641 miles
2426 1587 2477 1640 in
2506 1588 2687 1641 hostes
2734 1587 3137 1656 impressionem
3187 1586 3421 1655 faciens,
3466 1606 3587 1645 cum
3632 1591 3835 1645 adver-

2249 1680 2475 1731 santium
2499 1677 2600 1733 sibi
2632 1678 2942 1748 phalangem
2973 1678 3301 1745 conciderit,
3330 1680 3670 1750 gladiumque
3697 1695 3837 1735 con-

2252 1769 2518 1823 tinuorum
2575 1769 2851 1821 vulnerum
2901 1769 3187 1823 crebritate
3228 1768 3588 1839 confregerit,
3638 1769 3839 1824 deinde

2250 1875 2537 1915 conversus
2596 1860 2821 1913 alterum
2885 1860 3145 1928 requirit,
3201 1860 3344 1929 quod
3410 1876 3536 1914 eum
3595 1860 3837 1914 nondum

2250 1953 2410 2007 caedis
2453 1952 2681 2005 hostium
2704 1953 2920 2005 satietas
2945 1953 3150 2020 ceperit
3177 1969 3191 2004 :
3223 1952 3302 2006 sic
3331 1951 3581 2005 nimirum
3612 1962 3667 2006 et
3696 1953 3835 2007 beati

2252 2042 2492 2095 Barlaam
2548 2042 2722 2095 anima
2753 2056 2871 2095 cum
2900 2041 3199 2095 dmmonum
3227 2041 3515 2111 phalanges
3542 2042 3838 2096 conciden-

2251 2131 2321 2186 do
2349 2148 2561 2186 manum
2609 2133 3057 2200 consumpsisset,
3105 2132 3325 2185 alteram
3352 2132 3625 2185 dexteram
3658 2133 3829 2201 requi-

2253 2223 2403 2276 rebat
2423 2264 2437 2286 ,
2468 2234 2521 2275 ut
2547 2222 2598 2275 in
2617 2222 2701 2275 illa
2724 2238 2933 2291 quoque
2961 2221 3125 2279 animi
3154 2222 3478 2276 alacritatem
3502 2222 3835 2276 ostenderet.

2251 2313 2365 2367 Noli
2400 2313 2541 2366 enim
2570 2313 2699 2365 mihi
2720 2312 2897 2366 dicere
2922 2327 3080 2365 unam
3106 2312 3251 2366 illum
3281 2313 3593 2381 exposuisse
3619 2328 3838 2367 manum

2252 2411 2451 2456 tantum
2475 2419 2490 2464 ;
2513 2402 2607 2455 sed
2647 2403 2748 2456 hoc
2774 2403 2948 2472 potius
2968 2443 2983 2467 ,
3017 2417 3173 2470 quam
3206 2402 3334 2455 illud
3364 2403 3533 2470 cogita
3556 2444 3570 2466 ,
3597 2402 3687 2469 qui
3721 2417 3840 2455 ina-

2255 2510 2378 2548 num
2410 2494 2623 2548 tradidit
2643 2536 2657 2559 ,
2686 2510 2806 2547 eum
2842 2502 2999 2561 caput
3022 2494 3182 2547 etiam
3210 2492 3519 2562 exposuisse
3540 2534 3552 2554 ,
3577 2507 3641 2545 ac
3669 2492 3840 2545 latera

2251 2585 2499 2651 dedisse,
2547 2598 2600 2641 et
2635 2586 2766 2656 igni,
2795 2585 3016 2650 bestiis,
3065 2586 3233 2652 mari,
3275 2585 3611 2655 praecipitiis,
3653 2584 3836 2649 cruci,

2252 2688 2407 2742 τοίω,
2423 2688 2579 2746 atque
2598 2678 2862 2741 omnibus,
2894 2691 3012 2746 qua:
3035 2691 3282 2744 umquam
3300 2675 3459 2729 fando
3479 2686 3604 2729 sunt
3632 2674 3838 2737 audita,

2253 2768 2528 2837 suppliciis
2565 2766 2859 2834 obiecisse,
2913 2774 3211 2834 cunctaque
3242 2779 3551 2835 perpessum
3595 2780 3751 2828 esse,
3794 2765 3842 2819 si

2254 2859 2427 2913 minus
2475 2858 2875 2925 experimento,
2913 2857 3072 2910 animi
3106 2855 3317 2924 quidem
3364 2865 3509 2909 certe
3542 2856 3841 2923 proposito.

2253 2950 2383 3005 Nam
2407 2964 2504 3005 nec
2524 2951 2587 3002 ad
2608 2959 2780 3004 certas
2800 2965 2858 3003 se
2879 2964 2941 3003 ac
2963 2948 3210 3002 deﬁnitas
3235 2963 3422 3019 ptenas
3443 2948 3671 3002 oderunt
3692 2963 3841 3001 mar-

2256 3053 2431 3114 tyres,
2464 3042 2556 3096 sed
2588 3042 2654 3094 ad
2705 3042 2906 3094 incerta
2953 3040 3206 3109 supplicia
3253 3055 3312 3094 se
3361 3039 3690 3109 accingunt:
3732 3054 3842 3093 non

2254 3136 2395 3189 enim
2445 3143 2529 3189 cst
2562 3134 2612 3187 in
2658 3146 2841 3187 eorum
2889 3141 3147 3200 potestate
3200 3133 3409 3187 animus
3452 3140 3842 3202 tyrannorum,

2254 3240 2427 3293 neque
2478 3223 2761 3277 terminum
2791 3222 2895 3275 illis
2944 3224 3266 3291 modmnque
3309 3221 3692 3290 praescribunt,
3742 3223 3844 3277 sed

2255 3313 2670 3382 quibuscumque
2700 3313 2854 3367 malis
2894 3326 2985 3365 cos
3012 3311 3225 3365 afficere
3260 3312 3576 3364 inhumanus
3615 3326 3679 3365 ac
3719 3312 3845 3365 bel-

2256 3404 2429 3458 luinus
2482 3419 2665 3457 eorum
2711 3403 2919 3456 animus
2967 3400 3317 3467 desiderarit,
3356 3410 3433 3454 tot
3464 3411 3717 3471 tantaque
3766 3402 3845 3455 iili

2255 3496 2520 3564 prodeunt
2542 3495 2843 3564 perpessuri
2876 3514 2888 3547 :
2920 3495 3017 3548 nisi
3047 3493 3181 3547 forte
3212 3494 3419 3547 interim
3444 3494 3692 3548 fatiscens
3721 3510 3849 3547 cor-

2258 3602 2352 3654 pus
2419 3586 2737 3655 inexpletam
2790 3586 2840 3637 in
2888 3585 3062 3638 medio
3110 3593 3453 3654 tyrannorum
3492 3584 3846 3652 cupiditatem

2259 3675 2549 3744 reliquerit.
2580 3674 2885 3729 Tabeflebat
2914 3690 3039 3743 ergo
3062 3689 3188 3727 caro
3205 3715 3220 3739 ,
3243 3684 3296 3728 at
3322 3674 3483 3726 animi
3506 3676 3848 3743 propositum

2256 3766 2485 3819 alacrius
2516 3766 2702 3829 liebat,
2735 3766 2875 3833 quod
2901 3765 3184 3833 splendore
3206 3765 3467 3818 carbones
3504 3766 3647 3833 ipsos
3676 3781 3847 3833 supe-

2260 3859 2416 3911 rabat
2436 3868 2489 3911 ct
2513 3857 2677 3910 inulto
2698 3858 2925 3926 amplius
2946 3857 3205 3910 emicabat
3231 3872 3245 3909 :
3269 3856 3559 3924 spiritualis
3576 3856 3849 3923 siquidem

2260 3948 2403 4003 intus
2432 3949 2566 4018 ignis
2617 3964 2871 4002 accensus
2901 3958 3019 4003 erat
3048 3950 3211 4001 multo
3254 3948 3525 4002 ardentior
3555 3949 3675 4018 igne
3702 3950 3807 4002 isto
3832 3995 3846 4013 ,

2262 4040 2458 4093 idcirco
2512 4040 2780 4093 flammam
2822 4050 3095 4093 externam
3137 4039 3225 4091 ille
3276 4039 3497 4092 minime
3546 4038 3848 4102 sentiebat,

2261 4132 2398 4201 quod
2441 4131 2670 4185 fervidus
2694 4132 2839 4184 illum
2868 4139 2921 4185 et
2963 4131 3155 4185 ardens
3192 4129 3386 4184 Christi
3425 4130 3663 4185 caritatis
3708 4131 3852 4200 ignis

2264 4223 2403 4275 intus
2430 4223 2800 4275 inﬂammaret.
3332 4210 3335 4211 ⁷

2333 4315 2386 4368 4.
2420 4312 2473 4366 Μ
2483 4314 2634 4365 oralis
2656 4314 2957 4365 exhortatio.
2987 4342 3054 4350 —
3079 4312 3203 4366 Hcce
3226 4328 3291 4366 ne
3317 4310 3594 4365 audiamus
3615 4319 3849 4376 tantum,

2263 4403 2624 4468 dilectissimi,
2658 4402 2748 4456 sed
2776 4412 2828 4456 et
2858 4403 3124 4456 imitemur
3154 4422 3165 4456 :
3194 4403 3332 4469 quod
3360 4402 3501 4455 enim
3532 4417 3559 4453 a
3584 4402 3851 4470 principio

2264 4494 2500 4549 dicebam
2526 4536 2540 4561 ,
2568 4508 2706 4547 nunc
2725 4495 2879 4548 etiam
2900 4494 3019 4546 dico
3045 4511 3057 4545 :
3089 4508 3155 4547 ne
3183 4494 3280 4547 hac
3311 4502 3510 4547 tantum
3542 4493 3668 4545 hora
3692 4535 3707 4557 ,
3742 4509 3852 4557 qua

2266 4587 2352 4642 hic
2395 4604 2707 4649 versamur,
2755 4588 3052 4641 celebretur
3104 4596 3304 4656 martyr
3333 4627 3346 4648 ,
3405 4585 3496 4639 scd
3537 4597 3589 4638 et
3627 4585 3851 4637 domum

2266 4682 2447 4735 abiens
2468 4680 2826 4748 unusquisque
2848 4687 3085 4731 Sanctum
3113 4676 3373 4742 deducat,
3400 4687 3453 4730 ct
3474 4676 3524 4728 in
3552 4675 3693 4728 ardes
3722 4690 3855 4729 suas

2268 4773 2347 4827 vel
2376 4774 2427 4826 in
2453 4789 2545 4825 cor
2584 4787 2734 4825 suum
2768 4770 2941 4837 potius
2984 4784 3078 4837 per
3105 4783 3286 4821 eorum
3314 4809 3327 4831 ,
3352 4783 3472 4836 qua:
3497 4766 3636 4819 dicta
3682 4775 3809 4819 sunt
3833 4808 3852 4831 ,

2268 4865 2685 4920 recordationem
2720 4862 3031 4915 introducat.
3061 4860 3285 4927 Suscipe
3315 4860 3482 4922 illum,
3513 4869 3569 4911 ut
3606 4870 3729 4911 ante
3766 4860 3842 4913 di-

2268 4966 2410 5010 ctum
2440 4965 2540 5020 est,
2565 4965 2617 5007 et
2650 4955 2699 5006 in
2731 4952 2889 5007 corde
2912 4954 3055 5005 illum
3086 4961 3173 5004 tuo
3196 4960 3495 5020 protensam
3515 4964 3727 5003 manum
3755 4950 3855 5003 ha-

2271 5050 2477 5103 bentem
2509 5051 2638 5102 siste
2666 5064 2679 5098 :
2710 5046 2919 5114 suscipe
2947 5046 3197 5099 victorem
3236 5054 3545 5097 coronatum
3568 5086 3582 5108 ,
3613 5057 3711 5096 nec
3739 5059 3861 5094 um-

2270 5155 2425 5208 quam
2452 5155 2516 5193 ex
2546 5146 2722 5192 mente
2752 5145 2841 5189 tua
2863 5136 3010 5192 exire
3039 5137 3307 5204 permitte.
3337 5134 3536 5187 idcirco
3566 5148 3661 5185 vos
3691 5132 3858 5186 etiam

2272 5232 2337 5284 ad
2364 5231 2506 5299 ipsos
2533 5238 2838 5283 sanctorum
2863 5236 3152 5295 martyrum
3184 5225 3383 5278 loculos
3410 5224 3727 5277 adduximus
3748 5264 3761 5285 ,
3803 5232 3865 5275 ut

2276 5323 2388 5391 ipse
2412 5338 2501 5376 vos
2521 5330 2836 5389 conspectus
2873 5319 2937 5372 ad
2966 5318 3212 5371 virtutem
3231 5315 3622 5386 quodammodo
3650 5315 3859 5379 incitet,

2275 5427 2328 5471 et
2354 5418 2416 5469 ad
2442 5415 2684 5472 eumdem
2718 5432 2811 5470 vos
2828 5413 2997 5468 zelum
3017 5408 3321 5477 accingatis.
3342 5408 3472 5460 Nam
3496 5406 3713 5459 militem
3740 5406 3863 5472 qui-

2277 5514 2395 5567 dem
2429 5512 2847 5582 prmstantissimi
2872 5508 3164 5577 cujuspiam
3183 5499 3453 5558 beflatoris
3482 5501 3679 5555 excitat
3699 5498 3863 5551 etiam

2280 5609 2411 5660 fama
2434 5626 2447 5669 ;
2477 5608 2638 5660 multo
2662 5614 2834 5657 autem
2864 5598 3227 5655 vehementius
3249 5595 3471 5648 intuitus
3494 5602 3546 5645 et
3570 5600 3821 5660 aspectus
3844 5630 3860 5649 ,

2278 5715 2339 5752 ac
2365 5699 2654 5767 praesertim
2680 5695 2720 5748 si
2753 5696 2921 5763 ipsum
2952 5677 3220 5745 fet'tissimi
3270 5685 3542 5739 bellatoris
3571 5686 3861 5736 tentorium

2287 5798 2574 5866 ingressus,
2600 5786 3057 5859 sanguinolentum
3082 5796 3263 5838 ensem
3286 5776 3503 5846 viderit,
3523 5787 3679 5846 caput
3698 5777 3866 5829 hostis
