4084 6434
267 502 492 572 iacens,
517 502 684 572 spolia
707 484 938 558 sublime
963 494 1246 569 pendentia
1267 534 1288 559 ,_
1312 501 1584 550 recentem
1613 505 1860 548 cruorem

269 607 338 646 ex
387 594 630 649 manibus
670 594 787 662 eius
844 588 1168 655 stillantem,
1212 586 1304 656 qui
1358 593 1616 655 tropaeum
1655 582 1860 648 erexit,

270 684 469 753 ubique
497 687 708 740 lanceas
729 696 781 740 et
801 685 1060 754 clypeos,
1077 689 1130 734 et
1153 691 1309 733 arcus
1327 718 1342 744 ,
1376 684 1432 732 et
1455 690 1668 730 omnem
1701 674 1858 729 aliam

275 787 602 831 armaturam
621 776 908 846 iacentem.
940 774 1141 830 idcirco
1166 785 1262 824 nos
1291 769 1450 824 etiam
1482 769 1569 822 hic
1596 765 1859 822 conveni-

268 883 435 922 mus:
472 870 757 922 tentorium
800 866 944 920 enim
985 872 1067 918 est
1093 862 1321 916 militare
1357 868 1651 931 martyrum
1681 867 1859 913 tumu-

267 957 358 1010 lus
387 974 402 1010 :
427 971 491 1012 ac
511 956 556 1010 si
582 956 701 1011 ﬁdei
729 957 913 1008 ociilos
942 953 1214 1022 aperueris
1236 991 1251 1014 ,
1281 951 1368 1004 hic
1391 950 1612 1018 iustitia:
1638 947 1857 1002 loricam

258 1045 533 1115 iacentem
587 1046 893 1106 intuebere,
939 1054 1146 1098 scutum
1193 1041 1350 1103 ﬁdei,
1389 1041 1595 1110 galeam
1626 1038 1811 1092 salutis
1838 1078 1855 1102 ,

260 1150 454 1190 ocreas
482 1131 780 1205 Evangelii.
804 1131 1038 1203 gladium
1071 1131 1299 1202 Spiritus
1319 1130 1539 1200 (Ep/tes.
1563 1129 1616 1183 6.
1644 1126 1855 1198 ll-l7),

259 1221 441 1295 ipsum
473 1226 672 1282 diaboli
697 1234 856 1293 caput
883 1224 936 1278 in
968 1234 1162 1278 terram
1191 1222 1507 1292 proiectum.
1549 1218 1684 1274 Cum
1711 1219 1854 1272 enim

257 1317 535 1372 hominem
562 1325 865 1386 correptum
884 1331 913 1368 a
943 1315 1186 1370 daemone
1219 1314 1368 1382 juxta
1397 1311 1646 1382 martyris
1678 1308 1856 1377 sepul-

254 1422 412 1462 crum
440 1408 638 1463 videris
663 1409 912 1477 supinum
934 1407 1202 1476 iacentem
1223 1446 1240 1470 ,
1272 1418 1336 1458 ae
1353 1404 1588 1472 seipsum
1613 1413 1854 1469 persaepe

255 1497 550 1562 laniantem
571 1541 586 1563 ,
612 1497 742 1551 nihil
768 1497 910 1551 aliud
949 1496 1048 1550 nisi
1080 1496 1203 1549 mali
1231 1503 1390 1562 caput
1413 1499 1740 1562 amputatum
1769 1489 1851 1543 vi-

253 1579 645 1658 desINamque
669 1587 866 1642 Christi
895 1586 1148 1641 militibus
1182 1585 1296 1639 hmc
1346 1599 1493 1638 arma
1524 1597 1663 1636 nunc
1691 1581 1850 1635 etiam

251 1665 502 1748 adiacent
546 1697 560 1733 :
601 1688 653 1733 et
703 1677 1150 1746 quemadmodum
1199 1676 1484 1730 beliatores
1532 1672 1850 1728 fortissimos

251 1768 543 1827 cumsuis
587 1768 852 1837 sepeliunt
897 1767 1060 1821 armis
1111 1765 1484 1834 Imperatores,
1513 1764 1583 1817 ita
1627 1763 1752 1818 fecit
1795 1769 1851 1816 et

248 1855 496 1912 Christus
525 1875 539 1910 :
564 1873 683 1912 cum
705 1858 818 1912 suis
841 1871 936 1912 eos
959 1857 1122 1911 armis
1147 1855 1423 1932 sepelivit,
1449 1854 1688 1908 utetiam
1721 1861 1848 1906 ante

248 1947 700 2002 resurrectionem
728 1947 952 2016 gloriam
979 1961 1194 2001 omnem
1227 1946 1583 2014 virtutemque
1629 1951 1844 1997 sancto-

247 2053 369 2091 rum
399 2037 725 2092 ostenderet.
755 2039 1031 2108 Cognosce
1071 2038 1228 2108 igitur
1250 2037 1582 2105 spiritualem
1605 2036 1841 2105 ipsorum

247 2139 614 2196 armaturam;
657 2141 712 2187 et
752 2132 1001 2186 maximis
1053 2131 1316 2200 perceptis
1365 2130 1678 2184 utilitatibus
1717 2128 1842 2184 hinc

242 2218 512 2276 discedes.
544 2220 767 2276 Multum
788 2230 841 2276 et
867 2222 959 2276 tibi
983 2237 1102 2276 cum
1130 2221 1344 2275 diabolo
1374 2220 1570 2274 bellum
1608 2229 1727 2284 est,
1758 2221 1842 2275 di-

243 2308 536 2366 lectissime
556 2353 570 2376 ,
591 2320 812 2376 multum
841 2311 1056 2380 inquam
1073 2353 1088 2375 ,
1113 2324 1361 2380 maguum
1389 2319 1444 2364 et
1468 2324 1726 2379 perenne.

319 2397 586 2454 Invenitur
609 2402 662 2454 in
682 2402 890 2455 delicias
917 2411 964 2456 et
1007 2402 1183 2455 luxum
1201 2440 1220 2467 ,
1242 2411 1287 2453 el
1313 2400 1368 2453 in
1397 2416 1482 2454 eos
1507 2399 1593 2469 qui
1619 2399 1839 2453 theatro-

241 2508 358 2544 rum
383 2492 673 2562 spectacula
699 2497 988 2564 frequenter
1011 2492 1453 2547 adeunt—Disce
1483 2493 1642 2563 igitur
1665 2493 1839 2547 lucta—

242 2583 454 2649 tiones,
484 2591 542 2637 ut
587 2583 838 2638 victorias
883 2585 1151 2640 imiteris:
1195 2599 1482 2654 aspernare
1517 2585 1735 2640 divitias
1777 2601 1840 2642 ac

241 2675 530 2742 pecunias,
585 2683 639 2731 et
707 2691 925 2730 omnem
976 2676 1237 2745 reliquam
1290 2677 1471 2732 saaculi
1523 2691 1772 2746 pompam
1819 2693 1833 2730 :

241 2779 312 2819 ne
337 2765 522 2820 beatos
535 2766 742 2835 iudices
761 2781 876 2829 eos,
905 2767 995 2835 qui
1023 2767 1214 2821 divites
1235 2777 1380 2834 sunt,
1405 2768 1498 2822 sed
1529 2769 1712 2823 beatos
1742 2782 1838 2824 eos

235 2854 417 2925 iudica
440 2897 456 2922 ,
478 2856 568 2926 qui
609 2857 921 2928 martyrium
953 2857 1227 2926 patiuntur
1258 2873 1273 2910 :
1299 2872 1404 2912 non
1427 2872 1521 2912 eos
1540 2857 1630 2927 qui
1662 2858 1713 2912 in
1735 2857 1835 2912 de-

238 2948 410 3014 liciis,
440 2949 536 3003 sed
579 2950 668 3018 qui
710 2949 762 3002 in
799 2949 1155 3018 sartaginibus
1187 2957 1470 3003 versantur
1503 2967 1516 3002 :
1547 2963 1653 3003 non
1703 2964 1832 3016 eos,

235 3040 331 3109 qui
376 3040 611 3108 opiparze
637 3055 838 3094 mensa:
866 3039 1141 3104 assident,
1167 3038 1261 3092 sed
1288 3053 1383 3092 eos
1403 3080 1416 3103 ,
1454 3039 1545 3108 qui
1575 3039 1628 3092 in
1661 3038 1836 3095 lehete

238 3141 514 3185 torrentur
539 3149 554 3185 :
577 3147 683 3185 non
711 3145 840 3195 eos,
872 3132 961 3200 qui
983 3130 1186 3184 diurnis
1209 3129 1259 3184 in
1289 3129 1495 3184 balneis
1519 3170 1534 3195 ,
1567 3129 1662 3184 sed
1703 3145 1797 3184 eos
1816 3172 1830 3196 ,

234 3221 402 3290 quiin
431 3220 566 3275 diris
589 3229 714 3275 sunt
754 3219 1098 3274 fornacibus:
1131 3235 1237 3273 non
1277 3233 1408 3284 eos,
1437 3219 1525 3289 qui
1555 3219 1704 3275 olent
1737 3236 1835 3274 un-

232 3323 463 3382 guenta,
495 3311 588 3366 sed
614 3326 741 3379 eos,
769 3311 858 3380 qui
899 3310 1102 3365 fumum
1148 3324 1215 3368 ac
1245 3309 1486 3364 nidorem
1527 3311 1630 3364 usti
1674 3311 1834 3366 emit-

234 3411 358 3459 tunt
391 3423 404 3457 :
434 3402 522 3458 hic
550 3402 716 3457 multo
760 3402 856 3458 illo
898 3402 1238 3472 praestantior
1267 3411 1321 3456 et
1361 3400 1542 3458 utilior
1556 3410 1639 3456 est
1666 3401 1830 3468 odor;

233 3494 501 3564 siquidem
525 3493 614 3549 ille
639 3493 704 3548 ad
733 3493 1058 3564 supplicium
1103 3493 1222 3547 illos
1242 3493 1330 3562 qui
1353 3507 1418 3547 eo
1445 3492 1713 3558 fruuntur,
1746 3492 1833 3548 hic

233 3594 412 3640 autem
437 3584 504 3638 ad
531 3583 746 3654 prmmia
771 3597 1102 3652 coronasque
1122 3584 1363 3638 czelestes
1390 3582 1625 3639 abducit.
1657 3585 1834 3654 Atque

233 3681 292 3728 ut
312 3673 579 3744 intelligas
594 3672 786 3726 malam
798 3687 913 3728 rem
929 3687 1048 3730 esse
1060 3672 1298 3737 delicias,
1317 3689 1579 3743 usumque
1595 3689 1835 3743 unguen-

232 3772 412 3818 torum
432 3805 447 3828 ,
496 3773 552 3819 et
580 3763 893 3818 ebrietatem
914 3804 929 3830 ,
952 3773 1007 3818 et
1034 3764 1210 3816 vinum
1239 3764 1523 3819 immodice
1536 3775 1827 3836 sumptum,

231 3863 290 3910 et
316 3855 591 3924 opiparam
617 3869 891 3919 mensam,
925 3853 1047 3909 audi
1078 3853 1203 3922 quid
1231 3853 1376 3909 dicat
1399 3854 1659 3924 propheta
1693 3872 1706 3907 :
1744 3854 1833 3912 γω

231 3950 541 4003 dormientes
566 3950 619 4002 in
641 3947 782 4003 lectis
808 3949 1056 4010 eburneis,
1079 3947 1334 4018 aﬂluentes
1362 3948 1556 4003 deliciis
1581 3949 1634 4002 in
1660 3950 1832 4018 stratis

231 4041 370 4105 suis,
396 4049 444 4094 et
472 4039 784 4104 comedentes
805 4038 979 4092 hazdos
1004 4039 1066 4091 de
1085 4039 1338 4108 gregibus,
1367 4049 1414 4093 et
1431 4039 1669 4095 lactentes
1699 4040 1831 4094 vim-

223 4130 313 4189 λοι
354 4131 420 4185 de
441 4131 715 4195 armentis;
744 4131 826 4200 φά
856 4129 1029 4182 bibunt
1061 4129 1227 4182 vinum
1255 4129 1558 4199 defwcatum
1580 4170 1596 4194 ,
1647 4139 1694 4184 et
1721 4131 1830 4199 pri-

231 4222 330 4276 mis
354 4220 622 4291 unguentis
649 4228 911 4288 unguntur
957 4218 1137 4289 (Amos
1177 4220 1231 4274 6.
1262 4218 1408 4291 4-6).
1437 4219 1590 4289 Quod
1620 4220 1664 4274 si
1713 4220 1831 4276 haec

231 4312 434 4368 veteris
485 4310 814 4366 Testamenti
865 4319 1104 4379 tempore
1170 4309 1608 4380 prohibebantur,
1663 4312 1832 4367 multo

231 4403 407 4475 magis
449 4413 691 4473 tempore
727 4401 948 4473 gratiae,
1000 4401 1088 4464 ubi
1138 4402 1310 4470 maior
1352 4411 1435 4458 est
1472 4403 1830 4473 philosophia.

232 4495 364 4551 Hatc
383 4509 506 4548 cum
536 4492 605 4548 ad
631 4493 774 4548 viros
791 4535 807 4560 ,
833 4501 946 4548 tum
972 4492 1039 4546 ad
1072 4492 1322 4547 mulieres
1340 4507 1369 4546 a
1399 4508 1485 4548 me
1513 4503 1638 4547 sunt
1657 4493 1828 4548 dicta:

230 4598 523 4640 commune
546 4583 805 4654 siquidem
821 4593 901 4639 est
923 4584 1152 4639 stadium
1168 4601 1183 4651 ;
1207 4598 1313 4638 non
1337 4596 1555 4654 propter
1571 4600 1730 4640 sexus
1745 4585 1830 4640 di-

234 4677 550 4732 versitatem
572 4676 774 4731 divisus
797 4687 882 4733 est
901 4677 1100 4733 Christi
1129 4678 1397 4733 exercitus
1421 4718 1438 4744 ,
1460 4679 1556 4734 sed
1584 4694 1721 4734 unus
1748 4688 1832 4735 est

231 4776 427 4822 cattus.
458 4766 688 4822 Possunt
709 4775 765 4822 et
793 4767 1004 4822 feminae
1032 4768 1252 4823 loricam
1281 4768 1538 4833 induere,
1593 4785 1655 4825 ac
1706 4771 1825 4843 cly-

235 4873 394 4928 peum
434 4873 710 4928 opponere
736 4900 751 4922 ,
800 4857 1071 4929 telumque
1118 4857 1375 4928 iaculari,
1419 4875 1543 4916 cum
1583 4863 1825 4934 martyrii

234 4956 515 5017 tempore,
546 4957 657 5003 tum
702 4949 861 5005 etiam
892 4950 998 5003 alio
1023 4990 1038 5013 ,
1069 4949 1213 5018 quod
1263 4949 1510 5005 ﬁduciam
1559 4953 1829 5023 ingentem

235 5039 493 5108 requirat.
521 5038 588 5093 Et
613 5039 752 5106 sicut
777 5040 1009 5109 optimus
1028 5041 1332 5110 sagittarius
1349 5082 1364 5109 ,
1394 5044 1482 5112 qui
1510 5053 1656 5100 recte
1680 5044 1831 5100 colli-

236 5147 391 5188 mans
415 5131 679 5187 achorda‘
714 5134 959 5204 sagittam
1011 5134 1284 5201 emiserit,
1331 5151 1547 5192 omnem
1596 5139 1828 5194 hostium

234 5222 520 5277 conturbat
547 5223 718 5278 aciem
749 5238 763 5277 :
807 5223 888 5278 sic
920 5231 976 5278 et
1003 5225 1171 5279 sancti
1199 5233 1466 5297 martyres
1507 5236 1667 5297 atque
1692 5229 1828 5284 adeo

234 5312 416 5371 cuncti
446 5314 688 5380 veritatis
717 5313 1000 5370 bellatores
1020 5356 1037 5384 ,
1069 5316 1157 5385 qui
1187 5315 1445 5372 adversus
1469 5317 1692 5373 insidias
1712 5319 1824 5373 dia-

1381 382 1448 440 IN
1486 382 1545 438 S.
1587 376 2018 436 BARLAAMUM
2047 379 2451 436 MARTYREM.

1970 487 2078 544 boli
2119 487 2438 558 fraudesque
2475 487 2812 560 depugnant,
2843 499 3110 561 tamquam
3135 508 3166 547 a
3196 493 3395 551 chorda
3423 511 3560 567 qua-

1971 579 2090 633 dam
2108 623 2122 645 ,
2152 594 2182 632 a
2212 583 2387 651 lingua
2417 581 2575 636 verba
2621 581 2758 636 bene
2787 581 3123 639 collimantes
3146 587 3425 654 emittunt,
3463 604 3560 644 ea-

1966 685 2072 740 que
2099 680 2365 741 tamquam
2388 672 2487 726 tela
2509 687 2605 741 per
2629 687 2809 728 aerem
2830 673 3059 728 volantia
3078 715 3095 739 ,
3122 689 3245 731 cum
3269 678 3561 733 invisibiles

1966 758 2273 816 dremonum
2304 762 2356 815 in
2403 762 2691 832 phalanges
2745 762 3069 832 inciderint,
3113 780 3326 820 omnem
3373 782 3559 822 eorum

1965 853 2135 906 aciem
2187 853 2547 907 conturbant:
2581 854 2722 923 quod
2775 855 2956 924 utique
3004 864 3058 911 et
3112 856 3271 912 beato
3307 859 3558 914 Barlaam

1967 943 2188 996 evenit:
2238 942 2394 997 nudis
2418 944 2562 997 enim
2604 942 2782 998 verbis
2827 953 3096 1012 tamquam
3113 946 3429 1001 ‘volantibus
3472 964 3557 1003 sa-

1963 1030 2112 1098 gittis
2154 1031 2399 1095 emissis,
2441 1040 2610 1085 totum
2653 1032 2846 1086 diaboli
2871 1035 3164 1088 exercitum
3205 1037 3558 1104 perturbavit.

1963 1117 2112 1173 Hanc
2148 1127 2203 1173 et
2251 1133 2350 1174 nos
2375 1106 2654 1189 iaculandi
2690 1122 2966 1186 solertiam
3018 1123 3307 1178 imitemur.
3363 1126 3554 1182 Nonne

1963 1206 2085 1261 illos
2109 1250 2123 1273 ,
2144 1209 2235 1279 qui
2265 1224 2295 1263 a
2325 1209 2547 1264 theatris
2571 1209 2934 1279 descendunt,
2965 1212 3155 1268 videtis
3179 1215 3450 1271 molliores
3479 1216 3559 1272 ef-

1961 1295 2164 1352 fectos?
2203 1299 2255 1353 id
2278 1314 2405 1354 vero
2435 1301 2488 1353 in
2531 1315 2692 1354 causa
2719 1310 2832 1367 est,
2856 1302 3000 1372 quod
3039 1303 3105 1357 iis
3135 1305 3405 1374 studiose,
3435 1322 3556 1378 quae

1961 1388 2031 1442 ibi
2055 1388 2216 1457 fiunt,
2247 1392 2524 1446 attendant
2551 1407 2565 1444 :
2597 1407 2720 1446 nam
2741 1389 2866 1448 cum
2897 1394 3174 1449 oculorum
3199 1397 3552 1465 inversiones,

1959 1494 2322 1550 manuumque
2341 1483 2709 1538 contorsiones
2732 1526 2747 1550 ,
2791 1499 2856 1539 ac
2880 1486 3073 1560 pedum
3094 1502 3286 1558 gyros,
3334 1497 3388 1543 et
3436 1504 3554 1544 om-

1958 1572 2104 1626 nium
2147 1575 2585 1642 simulacrorum,
2631 1592 2752 1646 qua:
2783 1578 2837 1631 in
2863 1578 3189 1634 distorsione
3233 1581 3545 1636 circumacti

1955 1664 2198 1730 corporis
2219 1673 2508 1731 apparent,
2541 1665 2799 1736 imagines
2829 1668 2881 1721 in
2909 1669 3178 1724 mentibus
3205 1672 3318 1726 suis
3343 1671 3548 1727 deﬁxe-

1956 1752 2096 1819 rint,
2127 1753 2323 1810 deinde
2348 1755 2649 1811 discedunt.
2670 1759 2885 1813 «Annon
2934 1758 3093 1830 igitur
3133 1762 3408 1832 indignum
3435 1773 3546 1830 est,

1953 1854 2011 1898 ut
2040 1845 2114 1899 illi
2138 1855 2336 1901 tantam
2364 1849 2416 1902 in
2444 1849 2638 1904 anima:
2665 1865 2776 1906 suae
2815 1854 3050 1921 pernicie
3073 1855 3410 1923 procuranda
3439 1857 3546 1911 sol-

1954 1935 2286 1994 licitudinem
2306 1942 2626 2009 exhibeant,
2651 1957 2715 1998 ac
2739 1958 3023 2012 perennem
3047 1961 3233 2000 eorum
3253 1987 3268 2011 ,
3291 1962 3410 2016 quae
3439 1948 3547 2005 illic

1949 2037 2074 2080 sunt
2096 2038 2242 2096 gesta
2263 2071 2278 2093 ,
2311 2032 2622 2085 memoriam
2667 2043 3012 2098 conservent,
3041 2050 3139 2090 nos
3165 2045 3375 2101 autem,
3407 2053 3544 2108 quos

1949 2115 2136 2170 istluec
2159 2117 2383 2173 imitatio
2410 2135 2566 2189 pares
2588 2122 2792 2191 angelis
2822 2121 3089 2178 redditura
3117 2132 3216 2189 est,
3240 2139 3306 2179 ne
3335 2128 3542 2196 :equale

1947 2207 2162 2275 quidem
2205 2210 2310 2263 illis
2357 2211 2592 2265 studium
2640 2216 2707 2266 ad
2752 2229 2850 2280 ea,
2879 2229 2998 2285 qua:
3037 2214 3178 2270 dicta
3221 2224 3379 2281 sunt,
3405 2226 3546 2272 ‘con-

1946 2299 2206 2353 servanda
2234 2299 2613 2358 conferamus?
2641 2303 2748 2368 Ne,
2781 2319 2878 2359 oro
2898 2347 2913 2371 ,
2943 2305 3291 2378 obtestorque
3317 2323 3431 2376 vos,
3473 2325 3544 2366 ne

1945 2389 2169 2444 Salutem
2215 2402 2451 2447 nostram
2503 2395 2573 2449 ita
2629 2397 2993 2466 negligemus,
3021 2397 3117 2453 sed
3149 2400 3414 2455 mentibus
3440 2415 3542 2455 uo-

1943 2479 2070 2533 stris
2095 2495 2285 2537 omnes
2315 2494 2578 2556 martyres
2603 2486 2847 2541 conditos
2868 2496 3163 2553 teneamus,
3183 2503 3288 2543 una
3315 2494 3436 2544 cum
3461 2491 3541 2546 Ie-

1945 2566 2192 2635 betibns,
2245 2585 2347 2625 una
2383 2587 2502 2628 cum
2551 2575 2670 2628 aliis
2707 2575 3012 2645 suppliciis,
3062 2585 3116 2630 et
3144 2577 3283 2630 sicut
3312 2578 3544 2646 pictores

1943 2659 2229 2731 imaginem
2259 2679 2402 2733 saepe
2430 2663 2578 2720 fumo
2621 2680 2685 2720 ac
2725 2666 2944 2736 fuligine
2989 2667 3255 2737 longoque
3301 2676 3545 2737 tempore

1943 2749 2338 2807 inobscuratam
2365 2754 2648 2826 detergunt
2672 2771 2735 2809 ac
2755 2756 3034 2820 mundant,
3065 2758 3142 2811 sic
3165 2766 3220 2811 tu
3236 2766 3542 2812 sanctorum

1924 2855 2239 2918 martyrum
2287 2859 2438 2903 utere
2485 2848 2766 2915 memoria,
2795 2849 3141 2905 dilectissime
3180 2867 3194 2904 :
3231 2865 3351 2904 cum
3387 2849 3544 2904 obre-

1940 2944 2130 3006 pentes
2176 2940 2460 2993 saeculares
2503 2955 2647 2994 cura:
2705 2948 2850 2994 tuam
2889 2949 3125 2995 mentem
3165 2941 3538 3002 obscurarint,

1941 3040 2060 3080 eam
2092 3041 2186 3095 per
2209 3037 2504 3099 martyrum
2531 3031 2844 3084 memoriam
2867 3029 3103 3099 deterge.
3134 3029 3188 3085 Si
3228 3032 3371 3086 enim
3403 3031 3541 3087 hanc

1943 3117 1996 3172 in
2022 3119 2198 3171 anima
2238 3128 2324 3172 tua
2367 3121 2680 3174 memoriam
2712 3123 3077 3189 conservaris,
3109 3137 3214 3177 non
3267 3138 3398 3193 opes
3447 3140 3541 3178 su-

1942 3210 2138 3278 spicies
2157 3249 2174 3274 ,
2207 3225 2314 3266 non
2355 3199 2720 3280 paupertatem
2753 3211 3076 3281 dcplorabis,
3107 3227 3212 3265 non
3238 3213 3462 3282 gloriam
3488 3221 3543 3268 et

1942 3301 2234 3369 potentiam
2256 3302 2500 3357 laudabis
2519 3344 2535 3369 ,
2567 3302 2700 3356 nihil
2727 3303 2957 3374 denique
2987 3319 3052 3358 ex
3083 3306 3242 3360 rebus
3269 3305 3540 3372 immanis,

1941 3398 2075 3454 nihil
2122 3413 2347 3463 eorum,
2403 3413 2523 3468 quae
2569 3397 2849 3468 splendida
2897 3408 3058 3464 sunt,
3112 3415 3361 3471 magnum
3411 3414 3532 3456 esse

1938 3489 2190 3560 quiddam
2218 3489 2548 3544 arbitrabere
2566 3531 2584 3555 ,
2608 3490 2742 3544 nihil
2763 3505 2970 3556 eorum,
2999 3507 3118 3561 quae
3140 3492 3365 3546 molesta
3387 3499 3534 3558 sunt,

1939 3583 2368 3647 intolerandum;
2397 3583 2493 3639 sed
2522 3599 2643 3637 cum
2676 3583 2760 3638 his
2789 3582 3035 3639 omnibus
3061 3584 3306 3652 superior
3346 3597 3540 3638 evase-

1939 3677 2034 3740 ris,
2060 3685 2387 3746 perpetuum
2414 3691 2479 3732 ex
2525 3675 2772 3746 imaginis
2802 3675 2960 3743 huius
2988 3675 3436 3745 contemplatione
3453 3688 3544 3729 ca-

1940 3770 2055 3840 pies
2082 3769 2485 3824 documentum.
2507 3767 2640 3822 Nam
2662 3767 2752 3836 qui
2782 3767 2979 3820 milites
3003 3766 3056 3820 in
3082 3765 3235 3820 bellis
3255 3779 3318 3820 ac
3340 3765 3540 3834 praeliis

1939 3868 2158 3918 strenue
2187 3875 2247 3916 se
2268 3869 2514 3931 gerentes
2541 3858 2780 3928 qu0tidie
2809 3865 3047 3927 Spectat,
3080 3873 3188 3912 non
3220 3857 3537 3912 deliciarum

1939 3965 2192 4021 umquam
2220 3951 2509 4019 cupiditate
2536 3950 2825 4014 tenebitur,
2858 3964 2962 4002 non
3005 3948 3289 4004 delicatam
3325 3957 3380 4002 et
3405 3948 3539 4002 mol-

1938 4042 2043 4096 lem
2067 4040 2278 4096 vivendi
2309 4041 2568 4098 rationem
2596 4040 2648 4094 in
2671 4039 2844 4108 pretio
2865 4039 3114 4104 habebit,
3161 4039 3257 4094 sed
3293 4054 3540 4108 asperam

1938 4142 1995 4188 et
2021 4132 2244 4202 rigidam
2269 4140 2430 4202 atque
2466 4131 2532 4185 ad
2560 4142 2832 4186 certamen
2855 4131 3228 4200 compositam.
3253 4131 3382 4198 Quae
3394 4131 3539 4186 enim

1937 4223 2173 4276 societas
2210 4230 2293 4276 est
2330 4221 2580 4276 ebrietati
2621 4234 2744 4275 cum
2793 4220 3005 4290 pugna?
3050 4233 3196 4274 cura:
3238 4221 3542 4275 abdominis

1937 4328 2061 4368 cum
2089 4312 2270 4367 studio
2303 4310 2666 4367 fortitudinis?
2693 4311 2970 4380 urguentis
2995 4324 3118 4364 cum
3150 4310 3315 4364 armis
3337 4351 3353 4377 ,
3398 4309 3543 4365 bello

1936 4413 1992 4458 et
2018 4403 2537 4458 comessationibus?
2588 4401 2740 4457 Miles
2786 4399 2986 4455 Christi
3038 4414 3120 4464 es,
3149 4400 3537 4466 dilectissime;

1938 4507 2174 4560 armare,
2204 4507 2311 4546 non
2353 4507 2572 4547 comere
2597 4509 2610 4546 :
2642 4491 2845 4545 athleta
2868 4505 2926 4544 es
2946 4504 3240 4559 generosus
3267 4507 3282 4556 ;
3311 4489 3542 4545 viriliter

1937 4599 2057 4654 age,
2089 4599 2195 4638 non
2226 4583 2450 4639 concilia
2479 4591 2836 4638 venustatem.
2871 4581 2944 4635 lta
2990 4589 3206 4636 sanctos
3252 4582 3382 4636 istos
3424 4581 3543 4634 imi-

1939 4683 2148 4742 temur;
2187 4662 2256 4729 iia
2290 4676 2457 4730 fortes
2482 4671 2788 4742 bellatores,
2817 4681 3104 4728 coronatos
3129 4672 3396 4741 athletas,
3444 4672 3541 4726 Dei

1937 4767 2142 4824 amicos
2172 4766 2471 4821 honoribus
2503 4780 2930 4837 prosequamur;
2959 4773 3154 4820 etcum
3179 4780 3274 4835 per
3293 4765 3541 4820 eamdem

1939 4875 2062 4916 cum
2105 4860 2206 4916 illis
2233 4860 2373 4916 viam
2405 4859 2807 4924 incesserimus,
2839 4857 3053 4913 easdem
3084 4872 3207 4912 cum
3239 4857 3344 4911 illis
3373 4871 3535 4910 coro-

1938 4969 2037 5009 nas
2062 4969 2455 5025 consequemur
2485 4971 2499 5008 :
2539 4967 2672 5024 quas
2701 4951 2856 5008 nobis
2885 4950 3135 5006 omnibus
3163 4949 3365 5004 utinam
3397 4947 3539 5005 obti-

1938 5063 2069 5103 nere
2088 5049 2384 5118 contingat,
2416 5047 2584 5117 gratia
2635 5053 2690 5100 et
2735 5043 3058 5114 benignitate
3117 5042 3324 5097 Domini
3372 5041 3541 5095 nostri

1937 5139 2066 5195 Jesu
2104 5139 2339 5206 Christi,
2388 5153 2509 5193 cum
2540 5151 2645 5207 quo
2664 5135 2804 5191 Patri
2826 5135 2990 5204 gloria
3011 5175 3028 5200 ,
3059 5148 3162 5188 una
3189 5148 3309 5187 cum
3338 5131 3540 5202 Spiritu

1938 5239 2161 5288 sancto.
2194 5245 2335 5285 nunc
2383 5238 2436 5285 et
2482 5242 2717 5300 semper,
2762 5235 2817 5284 et
2859 5226 2912 5283 in
2962 5225 3154 5282 etecula
3193 5225 3538 5282 saaculorutn.

1939 5323 2130 5377 Amen.

1305 5605 2459 5685 “mm—~—
