4084 6426
591 367 698 422 885

1282 359 1340 413 Β.
1381 351 1667 411 JOANNIS
1694 342 2194 408 'CHRYSOSTOMI
2230 338 2553 398 ARCHIEP.
2591 331 3149 397 CONS‘I‘ANTINOP.

3732 324 3843 378 εει

2978 525 3281 539 _—--.-—-—-

603 561 616 588 ,

1267 831 1369 895 AD
1392 828 1771 893 HOMILIAM
1814 827 1895 887 IN
1922 824 2271 885 SANCTAM
2299 819 2685 883 DROSIDEM
2730 810 3186 877 MARTYREM.

673 1124 822 1198 [688]
845 1122 997 1178 [lane
1012 1122 1293 1178 homiliam
1311 1120 1365 1176 in
1390 1137 1519 1193 agro
1533 1120 1869 1176 Antiocheno
1888 1114 2532 1186 habuitChrysostomus,
2551 1126 2676 1166 cum
2696 1116 2913 1177 arrepta
2932 1117 3136 1161 serenae
3151 1099 3255 1153 diei
3276 1094 3563 1153 occasione
3584 1092 3849 1164 populum

601 1243 999 1321 Antiochenam
1020 1255 1087 1295 eo
1108 1239 1331 1295 deduxit
1348 1238 1640 1293 Flavianus
1660 1237 1986 1306 Episcopus,
2011 1242 2070 1288 ut
2093 1247 2320 1287 numero
2342 1230 2377 1283 2
2397 1230 2617 1284 dicitur.
2649 1224 2822 1294 Hujus
2853 1237 3017 1292 porro
3043 1217 3102 1271 S.
3129 1212 3384 1282 martyris
3412 1224 3587 1279 pauca
3625 1207 3825 1260 admo-

603 1355 732 1405 dum
763 1358 1058 1420 supersum
1090 1354 1440 1403 monumenta
1474 1365 1488 1401 :
1525 1348 1721 1416 vixque
1749 1346 1895 1400 aliud
1915 1344 2193 1415 quidpiam
2223 1341 2371 1397 circa
2399 1339 2716 1409 martyrium
2745 1332 3155 1401 certaminaque
3194 1331 3315 1399 ejus
3342 1325 3617 1387 novimus,
3677 1329 3851 1388 qnam

605 1465 749 1536 quod
771 1466 848 1519 ait
875 1465 933 1518 S.
974 1465 1163 1519 doctor
1194 1478 1333 1525 eam,
1364 1462 1419 1514 in
1452 1477 1639 1533 rogum
1672 1462 1973 1531 conjectam
2012 1459 2199 1513 fuisse.
2232 1453 2419 1526 Neque
2442 1456 2618 1509 solum
2656 1453 2714 1509 S.
2741 1447 3049 1515 Drosidem,
3073 1446 3167 1502 sed
3210 1455 3265 1499 et
3300 1444 3443 1499 alios
3472 1442 3639 1495 etiam
3661 1430 3851 1536 pluri-

588 1674 3858 1710 Μ

1913 1766 2514 1853 LAUDATIO

1123 1954 1359 1999 MAGNE
1393 1954 1473 1995 ET
1517 1952 1771 1996 SANCTB
1817 1949 2135 1995 MABTYRIS
2178 1946 2494 2001 DBOSIDIS,
2546 1945 2628 1988 ET
2669 1945 2753 1987 DE
2784 1944 3079 1989 MEMORIA
3123 1943 3382 1988 MORTIS.

844 2099 875 2131 τ’
2006 2084 2427 2144 W

655 2225 706 2278 1.
732 2223 836 2279 SS.
879 2221 1227 2293 Reliquiarum
1250 2219 1464 2273 utilitas.
1486 2249 1557 2258 —
1584 2219 1869 2288 Diligentes
1894 2224 2134 2286 pastores
2151 2256 2166 2282 ,

585 2316 672 2368 ubi
700 2329 793 2383 per
815 2314 1021 2384 longam
1038 2312 1281 2381 hyemem
1303 2309 1717 2363 viderintradios
1735 2309 1861 2362 solis
1883 2308 2167 2373 affulsisse,

583 2408 831 2475 diemque
857 2403 1167 2458 calidiorem
1200 2400 1495 2456 reddidisse
1524 2441 1539 2465 ,
1568 2400 1798 2468 pecudes
1826 2414 1857 2452 e
1884 2398 2047 2452 caulis
2077 2413 2167 2450 ex-

572 2501 715 2550 citas
740 2494 805 2549 ad
843 2509 1035 2562 pascua
1076 2500 1330 2546 consueta
1367 2490 1662 2544 deducunt:
1708 2490 1805 2542 hos
1854 2488 2088 2541 imitatus
2118 2502 2174 2540 et

583 2587 756 2639 bonus
786 2585 884 2637 iste
925 2589 1106 2651 pastor
1136 2596 1344 2635 sacrum
1376 2580 1517 2633 hunc
1555 2594 1770 2648 gregem
1810 2593 1873 2632 ac
1900 2576 2174 2645 Spirituale

589 2675 784 2730 Christi
827 2672 969 2727 ovile
1004 2671 1069 2724 ad
1121 2670 1236 2723 haec
1284 2668 1575 2737 spiritualia
1626 2682 1815 2737 pascua
1868 2675 2171 2721 sanctorum

582 2765 785 2821 eduxit.
818 2763 947 2818 Nam
978 2763 1308 2817 exsatiantur
1340 2759 1550 2829 quidem
1580 2769 1633 2813 et
1661 2757 1911 2827 pecudes,
1940 2757 2064 2810 dum
2103 2756 2170 2811 ad

587 2855 842 2924 prtesepia
886 2861 1259 2907 stantzverum
1294 2850 1383 2904 ubi
1422 2849 1615 2903 fuerint
1644 2864 1675 2903 e
1713 2848 1879 2901 caulis
1907 2862 2167 2916 egressae,

586 2947 752 3000 multo
781 2945 1035 3013 majorem
1064 2959 1130 2996 ex
1154 2944 1356 3011 eampis
1388 2942 1664 2996 utilitatem
1691 2940 2016 3010 percipiunt,
2043 2940 2169 2993 dum

586 3041 638 3093 in
669 3050 862 3091 terram
896 3051 1076 3105 prome
1104 3036 1269 3088 multa
1299 3049 1417 3087 cum
1460 3034 1731 3102 voIUptate
1761 3031 2007 3086 dentibus
2046 3046 2169 3100 gra-

587 3145 709 3182 men
740 3126 1066 3191 detondent,
1101 3141 1278 3179 aerem
1325 3139 1511 3192 purum
1558 3122 1854 3191 reSpirant,
1902 3129 1956 3173 et
2000 3120 2213 3173 claros-

586 3218 997 3288 splendidosqne
1024 3216 1198 3269 radios
1234 3214 1363 3268 solis
1403 3222 1663 3282 spectant,
1708 3220 1761 3265 et
1801 3211 1951 3279 juxta
2001 3210 2164 3274 lacus,

588 3312 784 3372 fontes,
816 3319 870 3363 et
901 3307 1115 3361 ﬂumina
1147 3307 1416 3369 saltitant;
1450 3319 1622 3373 neque
1660 3318 1789 3357 vero
1832 3300 2172 3356 mediocriter

586 3416 675 3453 cas
709 3410 845 3451 terra
877 3398 1124 3461 delectat,
1173 3395 1392 3449 ﬂoribus
1418 3394 1563 3447 omni
1601 3407 1669 3447 ex
1710 3401 1856 3461 parte
1896 3391 2168 3446 decorata.

583 3490 690 3545 Sed
717 3506 819 3543 non
850 3489 951 3541 illis
982 3497 1204 3551 tantum,
1233 3500 1417 3540 verum
1447 3484 1605 3539 etiam
1639 3484 1790 3536 nobis
1819 3481 1921 3535 hoc
1949 3482 2169 3534 multam

587 3580 868 3633 utilitatem
898 3578 1033 3646 parit
1066 3595 1079 3629 :
1116 3577 1240 3629 licet
1283 3575 1424 3629 enim
1468 3574 1607 3627 intus
1651 3572 2011 3642 spiritualibns
2039 3572 2173 3625 cibis

588 3670 782 3723 referta
813 3666 1079 3736 proposita
1130 3666 1280 3719 nobis
1320 3672 1465 3718 esset
1494 3676 1695 3729 mensa,
1733 3671 1904 3715 tamen
1951 3662 2065 3715 haec
2105 3660 2170 3715 ad

588 3770 800 3811 sanetos
859 3758 987 3809 istos
1035 3754 1272 3823 egressio
1321 3753 1503 3807 nescio
1542 3768 1648 3822 quo
1703 3760 1907 3806 recreat
1949 3765 2046 3803 nos
2085 3765 2173 3804 so-

590 3850 737 3911 latio,
787 3856 841 3901 et
878 3845 1155 3899 utilitatem
1198 3842 1362 3897 nihilo
1400 3843 1734 3897 recreatione
1763 3842 2024 3895 minorem
2075 3855 2170 3909 pa-

590 3940 678 4001 rit,
710 3956 812 3991 non
843 3937 980 4005 quod
1011 3950 1197 4003 purum
1226 3948 1406 3987 aerem
1433 3934 1776 4001 respiremus,
1808 3932 1900 3985 sed
1925 3931 2065 4000 quod
2106 3930 2173 3983 ad
2218 3932 2225 3937 ’

591 4028 842 4096 ιιΐὶιτεῖἰὶΐίι
866 4040 1243 4095 generosarum
1272 4024 1496 4077 istorum
1522 4023 1756 4076 virorum
1787 4022 2018 4076 facinora
2048 4036 2174 4075 ocu-

592 4120 671 4171 los
708 4126 1113 4179 convertamns;
1140 4129 1244 4167 non
1290 4113 1429 4183 quod
1455 4113 1603 4182 juxta
1643 4111 1917 4165 ﬂuminum
1954 4111 2171 4175 ﬂuenta,

591 4211 683 4264 sed
716 4210 853 4279 quod
878 4209 1023 4276 juxta
1051 4207 1277 4276 Spiritus
1306 4206 1472 4259 sancti
1502 4205 1760 4258 donorum
1791 4203 1983 4258 ﬂuenta
2013 4203 2175 4257 salte-

594 4318 744 4367 mus;
774 4317 878 4354 non
908 4299 1045 4369 quod
1068 4301 1118 4352 in
1139 4308 1336 4352 terram
1362 4296 1510 4365 proni
1537 4296 1785 4349 dentibus
1814 4295 2032 4348 herbam
2058 4304 2176 4347 ton-

595 4395 834 4457 deatnus,
867 4392 958 4446 sed
1002 4390 1145 4459 quod
1194 4390 1413 4442 virtutes
1456 4397 1744 4456 martyrum
1785 4386 2172 4453 decerpemus;

590 4498 700 4538 non
722 4482 859 4552 quod
884 4491 1119 4535 ornatam
1141 4479 1355 4533 ﬂoribus
1378 4486 1569 4531 terram
1599 4492 1895 4539 cernamus,
1918 4475 2010 4529 sed
2035 4475 2175 4544 quod

588 4588 818 4644 corpora
849 4572 1003 4626 donis
1033 4570 1392 4639 spiritualibns
1421 4567 1692 4621 afllucntia
1733 4567 2171 4635 contemplemur.

590 4666 674 4724 Ac
717 4663 934 4731 singula:
977 4660 1187 4731 quidem
1220 4667 1509 4728 martyrum
1539 4657 1777 4711 ecclesize
1818 4657 2025 4711 lucrum
2068 4671 2173 4709 non

600 4756 845 4825 exiguum
875 4753 1109 4822 prmbent
1140 4751 1222 4814 iis,
1251 4749 1335 4817 qui
1364 4747 1502 4816 apud
1528 4762 1618 4802 eas
1647 4756 2051 4815 congregantur,
2082 4744 2176 4800 sed

596 4864 709 4917 prie
736 4847 946 4900 exteris
974 4841 1216 4896 omnibus
1244 4842 1339 4893 ista
1368 4855 1381 4892 :
1412 4839 1570 4893 simul
1595 4837 1736 4892 enim
1762 4846 1920 4907 atque
1948 4837 2180 4890 vestibu-

601 4942 709 4993 lum
741 4938 859 5009 quis
899 4938 1167 5005 ingressus
1201 4943 1302 4997 est,
1339 4940 1394 4986 et
1428 4930 1705 4985 confestim
1735 4930 1784 4989 in
1810 4930 1995 4985 oculos
2024 4930 2177 4984 undi-

596 5048 704 5102 que
755 5028 1034 5085 multitudo
1087 5026 1450 5094 sepulcrorum
1480 5023 1722 5087 incurrit,
1762 5032 1816 5077 et
1844 5038 2177 5092 quocumque

598 5123 908 5191 respexerit,
937 5119 1198 5188 capsulas,
1224 5118 1508 5172 memorias
1524 5126 1577 5170 et
1606 5116 1787 5170 thecas
1805 5114 2175 5170 defunctorum

600 5218 854 5268 intuetur.
887 5212 1066 5280 Neque
1108 5225 1236 5264 vero
1267 5208 1607 5262 mediocriter
1654 5206 1806 5260 nobis
1850 5207 2065 5275 prodest
2111 5206 2176 5260 ad

599 5305 931 5360 inserendam
954 5302 1145 5356 animis
1167 5302 1357 5355 nostris
1380 5299 1691 5354 modestiam
1713 5314 1773 5352 ac
1790 5299 2175 5368 philoSOphiam

596 5398 699 5451 hoc
728 5396 1089 5465 spectaculum
1121 5392 1460 5448 tumulorum.
1492 5393 1714 5446 Animus
1758 5392 1897 5446 enim
1931 5393 2045 5446 sive
2088 5408 2175 5446 se-

592 5487 716 5557 gnis
757 5488 844 5547 sit,
890 5485 991 5539 hoc
1022 5494 1235 5551 aspectu
1267 5493 1583 5546 connnotus,
1614 5483 1787 5537 statim
1818 5484 2120 5551 percellitur
2158 5500 2171 5534 :

598 5578 710 5630 sive
736 5576 959 5644 diligens
976 5575 1042 5629 sit
1067 5585 1120 5628 et
1148 5574 1425 5637 excitatus,
1446 5573 1747 5642 diligentior
1769 5572 2004 5627 redditur
2031 5592 2043 5627 :
2068 5574 2177 5629 sive

594 5676 959 5749 {paupertatem
991 5667 1106 5735 quis
1137 5666 1472 5731 lamentetur,
1506 5680 1569 5719 ex
1600 5663 1702 5719 hoc
1742 5663 1918 5718 statim
1960 5673 2177 5734 aspectu

2276 2217 2695 2272 consolationem
2725 2218 2948 2288 percipit
2981 2236 2995 2273 :
3026 2220 3138 2275 sive
3167 2219 3365 2275 divitiis
3394 2220 3739 2283 intumescat,
3771 2223 3877 2277 hu-

2275 2307 2417 2361 milis
2454 2308 2512 2362 fit
2538 2317 2592 2362 et
2618 2308 2970 2363 contrahitur.
3004 2308 3101 2363 Hie
3130 2314 3271 2363 enim
3301 2322 3551 2379 aspectus
3588 2314 3878 2383 sepulcro-

2274 2412 2393 2450 rum
2425 2413 2859 2467 unumquemque
2882 2408 3246 2467 Spectatorum
3274 2401 3415 2470 cogit
3438 2401 3662 2456 invitum
3683 2404 3754 2457 de
3778 2419 3877 2459 sua

2276 2498 2447 2541 morte
2474 2488 2853 2557 philosophari,
2882 2498 3043 2558 utque
3071 2490 3199 2543 nihil
3231 2491 3283 2543 in
3315 2490 3418 2546 hoc
3448 2492 3651 2545 mundo
3675 2494 3878 2550 stabile

2277 2592 2396 2631 esse
2423 2587 2657 2642 censeat,
2704 2578 3007 2647 persuadet.
3059 2594 3153 2635 seu
3194 2581 3477 2635 molestum
3521 2582 3614 2645 sit,
3658 2598 3757 2637 seu
3783 2583 3880 2651 ju-

2276 2668 2505 2721 cundum
2536 2686 2549 2721 :
2585 2684 2743 2737 porro
2770 2669 2814 2722 is
2840 2670 2926 2722 cui
2954 2684 3262 2738 persuasum
3304 2670 3418 2725 hoc»
3434 2669 3615 2735 fuerit,
3648 2688 3755 2725 non
3788 2673 3875 2726 fa-

2274 2758 2375 2811 cile
2396 2759 2593 2826 peccati
2622 2759 2810 2825 laqueo
2835 2759 3093 2826 capietur.
3120 2758 3408 2829 Propterea
3437 2761 3653 2829 sapiens
3678 2762 3874 2816 admo-

2276 2854 2367 2899 net
2392 2848 2654 2915 quispiam
2683 2847 2869 2901 dicens
2900 2865 2914 2901 :
2946 2846 3011 2900 In
3041 2849 3272 2903 omnibus
3295 2852 3610 2904 sermonibus
3641 2854 3744 2905 mis
3776 2870 3879 2907 mc-

2274 2954 2471 2991 morare
2498 2938 2770 2991 novissima
2798 2950 2903 3003 tua,
2934 2949 2979 2991 et
3004 2938 3057 2990 in
3084 2948 3324 2991 (sternunt
3346 2956 3447 2993 non
3475 2942 3705 3008 peccabis
3743 2942 3879 3011 (Ec-

2275 3028 2357 3080 cli.
2392 3029 2440 3083 '7.
2473 3028 2565 3095 40)
2600 3046 2615 3083 :
2660 3037 2715 3083 et
2743 3029 2878 3082 alter
2909 3029 3169 3097 quispiam
3204 3030 3286 3083 his
3332 3044 3568 3085 consona
3610 3031 3876 3102 loquitur,

2275 3118 2401 3172 dum
2444 3120 2513 3171 ita
2557 3119 2786 3173 consulit
2819 3136 2833 3173 :
2866 3117 3114 3188 Prcepara
3158 3120 3211 3172 in
3251 3122 3439 3173 exitum
3473 3136 3629 3191 opera
3667 3131 3791 3189 tua,
3830 3135 3881 3177 et

2276 3227 2509 3280 prwpara
2539 3222 2586 3264 te
2612 3211 2680 3262 ad
2706 3212 2797 3263 iter
2826 3208 3008 3281 (Prov.
3044 3212 3137 3266 24.
3163 3211 3258 3282 27)
3294 3230 3309 3265 :
3339 3227 3446 3266 non
3472 3215 3615 3283 quod
3645 3214 3714 3270 de
3744 3232 3878 3270 sen-

2276 3301 2425 3354 sibus
2450 3301 2693 3369 subjeeto
2724 3302 2913 3357 itinere
2938 3300 3098 3357 verba
3122 3301 3299 3370 faciat,
3327 3304 3420 3358 sed
3450 3304 3515 3359 de
3543 3305 3791 3361 discessu
3810 3325 3877 3363 ex

2275 3393 2376 3446 hac
2403 3393 2529 3447 vita.
2560 3392 2694 3448 Nam
2735 3395 2779 3447 si
2824 3402 3082 3462 perpetuo
3110 3408 3173 3448 ac
3210 3396 3431 3464 singulis
3472 3397 3677 3462 diebus,
3712 3414 3880 3469 quam

2276 3482 2511 3538 incertus
2533 3484 2812 3547 sitobitus,
2834 3483 3286 3553 praemeditemur,
3312 3486 3449 3541 haud
3475 3486 3629 3541 facile
3652 3501 3879 3556 peccata

2275 3575 2668 3629 committemus
2699 3591 2711 3625 :
2737 3574 2829 3627 sed
2858 3588 3032 3642 neque
3059 3573 3217 3629 rebus
3244 3574 3403 3645 hujus
3430 3576 3549 3631 vita:
3577 3579 3883 3646 splendidis

2274 3673 2434 3734 atque
2462 3663 2756 3733 magniﬁcis
2784 3664 3158 3730 intumescere,
3184 3680 3355 3734 neque
3382 3667 3620 3722 molestis
3641 3668 3879 3738 deprimi

2277 3756 2570 3826 poterimus
2597 3764 2687 3809 aut
2716 3755 2938 3821 turbari,
2985 3772 3106 3811 cum
3148 3759 3383 3813 incertus
3422 3768 3769 3830 utrarumque
3807 3764 3881 3817 sit

2277 3846 2418 3899 finis.
2447 3845 2600 3914 Step0
2629 3859 2859 3913 namque
2904 3846 2993 3914 qui
3026 3846 3186 3900 hodie
3212 3848 3361 3911 vivit,
3396 3863 3462 3902 ne
3488 3849 3553 3902 ad
3586 3865 3877 3919 vesperam

2278 3935 2491 4005 quidem
2519 3944 2599 3989 est
2619 3942 2906 4003 superstes.
2940 3934 3123 4003 Itaque
3165 3937 3211 3989 si
3243 3937 3295 3990 in
3343 3938 3470 3992 urbe
3517 3943 3881 3997 remansisse-

2278 4042 2419 4094 mus,
2450 4042 2556 4081 non
2585 4025 2869 4080 admodum
2892 4027 3176 4081 verisimile
3202 4036 3288 4082 est
3310 4043 3407 4083 nos
3436 4030 3559 4083 talia
3585 4032 3879 4086 meditatu-
3902 4022 3905 4023 ν

2280 4133 2368 4173 ros
2397 4132 2461 4172 ac
2505 4117 2974 4187 philosophaturus
3015 4111 3215 4183 fuisse;
3257 4129 3312 4173 at
3356 4129 3505 4175 extra
3549 4125 3876 4190 pomarium

2279 4222 2543 4276 egressos,
2576 4218 2627 4262 et
2659 4208 2723 4260 ad
2757 4207 2868 4261 her
2899 4207 3139 4276 sepulcra
3191 4210 3489 4277 venientes,
3525 4220 3685 4281 atque
3734 4213 3879 4270 hanc

2281 4299 2642 4353 defunctorum
2691 4298 3083 4352 multitudinem
3123 4308 3429 4368 spectantes
3457 4316 3680 4357 necesse
3712 4305 3875 4371 plane

2280 4389 2397 4453 fuit,
2425 4391 2682 4443 vellemus
2708 4389 2990 4453 nollemus,
3013 4388 3111 4442 hoc
3134 4398 3424 4460 conspectu
3445 4391 3751 4447 admonitos
3775 4393 3873 4448 has

2281 4480 2624 4550 cogitationes
2647 4480 2828 4533 animo
2856 4479 3090 4543 volvere,
3118 4495 3181 4534 ac
3208 4480 3545 4535 sublimiores
3576 4482 3710 4547 fieri,
3744 4484 3874 4539 dum

2282 4572 2398 4625 illas
2429 4564 2708 4632 volvimtis,
2758 4583 3077 4637 omnemque
3103 4585 3228 4639 erga
3277 4585 3367 4625 res
3405 4571 3693 4627 saeculares
3738 4573 3872 4629 aﬂ‘e-

2281 4672 2421 4717 ctum
2445 4676 2660 4716 exuere.
2695 4659 2877 4728 Neque
2908 4674 3034 4712 vero
3064 4668 3264 4713 tantum
3294 4660 3555 4728 ejusmodi
3582 4664 3870 4732 cogitatio-

2282 4770 2376 4810 nes
2405 4755 2637 4808 animum
2672 4761 2909 4806 nostrum
2940 4751 3210 4816 subibunt,
3244 4751 3339 4806 sed
3382 4760 3436 4807 et
3460 4752 3749 4809 sufficienti
3777 4769 3873 4810 co-

2283 4844 2581 4898 hortatione
2603 4841 3007 4906 concitabimur,
3038 4849 3095 4893 ut
3131 4839 3193 4893 ad
3221 4850 3477 4895 aeternam
3518 4843 3743 4910 patriam
3766 4860 3873 4899 no-

2283 4944 2443 4990 stram
2486 4934 2818 4996 festinemus,
2865 4930 2931 4985 ad
2977 4945 3203 4999 eamque
3237 4946 3335 4986 nos
3377 4947 3771 5002 comparemus,
3821 4947 3876 4991 et

2282 5026 2459 5080 omnia
2488 5024 2639 5079 nobis
2667 5022 2732 5076 ad
2756 5022 2898 5074 illam
2921 5020 3302 5090 profectionem
3324 5024 3626 5077 necessaria
3657 5040 3877 5092 przt'ptt-

2284 5133 2479 5182 remus,
2505 5131 2623 5169 cum
2651 5114 2902 5178 sciamus,
2925 5127 3313 5181 quamcumque
3339 5128 3515 5167 rerum
3557 5124 3873 5169 nostrarum

2283 5207 2368 5261 hic
2395 5205 2788 5276 reliquerimus,
2833 5218 2951 5256 eam
2983 5202 3133 5257 nobis
3156 5202 3535 5257 detrimentum
3564 5203 3870 5259 allaturam.

2283 5296 2414 5351 Nam
2459 5293 2903 5366 quemadmodum
2935 5294 3020 5362 qui
3054 5293 3267 5363 longum
3299 5295 3401 5349 iter
3429 5293 3605 5347 viator
3628 5296 3871 5363 coniicit,

2282 5398 2333 5443 et
2359 5389 2410 5441 in
2440 5387 2662 5457 patriam
2691 5399 2840 5438 suam
2863 5382 3035 5437 redire
3065 5382 3294 5448 festinat,
3329 5383 3707 5452 quodcumque
3740 5389 3873 5440 reli-

2282 5479 2457 5549 querit
2486 5477 2535 5530 in
2567 5476 2815 5545 hospitio,
2850 5474 3002 5542 plane
3028 5473 3239 5537 amittit,
3263 5474 3483 5542 ejusque
3499 5473 3767 5543 jacturam
3794 5478 3875 5532 fa-

2281 5570 2353 5624 cit
2384 5586 2396 5624 :
2430 5569 2508 5623 sic
2533 5568 2780 5621 nimirum
2812 5574 2865 5619 et
2892 5580 2989 5619 nos
3023 5579 3381 5634 quascumque
3413 5580 3498 5619 res
3539 5579 3754 5622 nostras
3785 5572 3870 5624 hic

2282 5663 2605 5718 dimittentes
2632 5660 2937 5726 abierimus,
2967 5673 3147 5714 earum
3169 5658 3403 5712 omnium
3420 5658 3681 5727 jacturam
3712 5661 3873 5719 facie-
