4084 6460
1386 369 1474 424 DE
1515 371 1574 423 ς.
1617 368 1915 424 DROSIDE
1964 368 2324 425 MARTYRE.

225 557 3500 589 mm”

1681 834 2059 897 MONITUM.

218 1115 342 1154 mos
382 1111 672 1181 martyres,
706 1119 944 1173 quorum
975 1124 1098 1165 ossa
1120 1112 1310 1166 eodem
1342 1110 1464 1164 loco
1485 1110 1731 1178 deposita
1760 1121 1940 1179 erant,
1974 1112 2228 1167 laudibus
2253 1114 2598 1168 commendat
2625 1113 3074 1185 Chrysostomus,
3111 1128 3412 1182 eorumque
3441 1113 3495 1166 in

209 1213 494 1271 ιιίειιιοηειε
528 1226 581 1270 et
613 1217 663 1269 in
697 1220 918 1275 morbos
946 1225 1222 1291 quoslibet
1248 1234 1571 1294 potestatem
1605 1225 1968 1295 depraadicat;
1999 1242 2064 1282 ac
2087 1235 2348 1297 quantam
2378 1243 2443 1280 ex
2479 1243 2668 1282 eorum
2705 1229 2854 1282 aditu
2891 1229 3181 1285 utilitatem
3205 1231 3499 1300 decerpere

210 1331 397 1395 liccat,
435 1333 682 1402 pluribus
716 1339 962 1406 exponit.
986 1338 1061 1394 De
1089 1356 1236 1395 anno
1261 1357 1374 1412 quo
1404 1343 1519 1397 hanc
1558 1343 1786 1398 homilia
1823 1347 2177 1414 pronuntiata
2209 1344 2309 1399 fuit
2332 1345 2465 1398 nihil
2498 1362 2722 1415 prorsus
2753 1347 3038 1403 habemus.

288 1445 669 1512 lnterpretatio
700 1447 887 1502 Latina
911 1458 994 1502 est
1029 1448 1321 1505 Frontonis
1346 1450 1548 1504 Bucari.

1459 1923 1611 1998 [(⁵⁸⁸]
1676 1935 1890 2020 ΕΓΚ
1907 1935 2270 2026 ΩΜΙΟΝ

701 2117 809 2182 Είς
845 2117 961 2185 τὴν
989 2119 1163 2188 ἁγίαν
1186 2117 1684 2188 μεγαλομιὶρτυρίι
1709 2121 1987 2190 Δροσίδα,
2018 2117 2111 2170 καὶ
2141 2120 2229 2182 είς
2252 2115 2320 2169 τὸ
2338 2114 2682 2186 μεμνῆσθαι
2717 2113 3000 2171 θανάτου.

289 2429 361 2486 α’.
393 2431 454 2485 Ol
490 2431 764 2500 φιλόπονοι
789 2437 898 2492 τῶν
919 2437 1213 2508 ποιμένων,
1232 2439 1451 2492 ἐπειδὰν
1473 2438 1562 2491 διὰ
1585 2436 1796 2510 μακροῦ

216 2518 485 2587 χειμῶνος
531 2518 683 2572 ἴδωσι
730 2521 988 2596 λαμπρὰν
1041 2526 1258 2587 ἀκτῖνα,
1307 2526 1400 2578 καὶ
1454 2524 1797 2595 θερμοτέραν

213 2603 514 2674 γενομένην
543 2605 778 2676 ἡμέραν,
797 2609 897 2678 τῆς
930 2609 1170 2680 μάνδρας
1193 2609 1552 2678 ἐξαγαγόντες
1570 2609 1640 2662 τά
1660 2609 1796 2679 πρό-

215 2688 379 2752 ϐατα,
415 2689 552 2759 πρὸς
580 2689 680 2753 τὰς
705 2694 957 2764 συνήθεις
981 2695 1173 2764 ἄγουσι
1201 2696 1372 2767 νομάς
1397 2714 1410 2727 ·
1455 2697 1680 2759 τούτους
1705 2697 1800 2749 καὶ

213 2776 242 2826 ὁ
279 2774 442 2839 καλὸς
479 2775 680 2846 ποιμὴν
707 2771 863 2842 οὗτος
893 2781 1250 2851 μιμούμενος,
1275 2783 1377 2851 τὴν
1413 2781 1564 2854 ἱερὰν
1595 2781 1802 2852 ταύτην

211 2862 440 2932 ἀγέλην,
478 2864 572 2916 καὶ
595 2864 694 2933 τὴν
724 2866 1099 2936 πνευματικὴν
1140 2867 1234 2920 τοῦ
1284 2868 1523 2938 Χριστοῦ
1563 2869 1799 2940 ποίμνην

211 2947 351 3018 πρὸς
393 2946 494 3010 τὰς
532 2948 641 3000 τῶν
669 2949 841 3017 ἁγίων
871 2953 1043 3021 νομὰς
1072 2953 1248 3024 ῆγαγε
1274 2953 1478 3017 ταύτας
1510 2955 1608 3016 τὰς
1636 2972 1799 3022 πνευ-

213 3039 470 3104 ματικάς.
501 3039 866 3109 Κορέννυνται
897 3042 996 3111 μὲν
1019 3043 1110 3095 ἐπὶ
1137 3041 1239 3110 τῆς
1262 3043 1470 3111 φάτνης
1497 3043 1710 3097 ἑστῶτα
1729 3044 1801 3098 τὰ

209 3121 491 3191 πρόϐατα’
533 3123 649 3176 ἀλλ’
689 3124 910 3178 ἐπειδὰν
963 3126 1070 3191 ἔξω
1122 3127 1351 3198 γένηται
1409 3127 1518 3180 τῶν
1574 3129 1795 3200 σηκῶν,

207 3208 432 3260 πλείονα
470 3207 578 3260 ἀπὸ
613 3209 721 3262 τῶν
759 3210 959 3265 πεδίων
995 3213 1334 3284 καρποῦνται
1373 3214 1475 3285 τὴν
1503 3215 1796 3284 ὠφέλειαν,

213 3296 350 3363 μετὰ
393 3293 595 3364 πολλῆς
633 3295 735 3364 τῆς
781 3297 1028 3367 τέρψεως
1073 3300 1509 3361 κατακύπτοντα,
1561 3304 1656 3355 καὶ
1699 3302 1798 3373 τὴν

208 3381 348 3433 πόαν
373 3379 463 3432 διὰ
485 3380 594 3433 τῶν
617 3381 844 3435 ὀδόντων
872 3383 1234 3454 ἁποκείροντα
1250 3425 1264 3449 ,
1298 3386 1541 3458 καθαρόν
1566 3404 1625 3440 τε
1660 3389 1799 3450 ἀέρα

208 3466 581 3528 ἀναπνέοντα,
624 3467 718 3520 καὶ
761 3468 900 3538 πρὸς
934 3470 1130 3523 ἀκτῖνα
1177 3470 1444 3540 βλέποντα
1486 3473 1654 3544 διειδῆ
1700 3473 1799 3526 καὶ

208 3553 466 3623 φαιδρὰν,
494 3553 648 3624 παρὰ
670 3553 868 3624 λίμνας
901 3557 996 3609 καὶ
1023 3557 1202 3626 πηγὰς
1227 3559 1532 3631 σκιρτῶντα
1561 3562 1654 3614 καὶ
1697 3577 1798 3614 πο-

205 3639 451 3710 ταμούςο
496 3639 652 3711 φέρει
701 3641 760 3694 δὲ
803 3641 989 3706 αὐτοῖς
1014 3645 1109 3696 καὶ
1140 3647 1174 3714 ἡ
1199 3645 1273 3714 γῆ
1317 3661 1439 3699 τινα
1467 3646 1655 3718 τέρψιν
1687 3649 1800 3709 τοῖς

208 3725 399 3780 ἄνθεσι
426 3725 880 3800 καλλωπιζομένη
915 3727 1201 3784 πάντοθεν.
1229 3731 1345 3784 Οὐκ
1375 3733 1462 3785 ἐπ’
1480 3732 1707 3786 ἐκείνων
1739 3733 1798 3786 δέ

209 3813 392 3883 μόνον,
435 3811 574 3868 ἀλλὰ
619 3814 716 3866 καὶ
761 3813 848 3884 ἐφ’
881 3814 1042 3885 ἡμῶν
1077 3814 1238 3870 τοῦτο
1283 3817 1486 3888 πολλὴν
1537 3817 1652 3888 ἔχει
1694 3818 1795 3888 τὴν

204 3897 497 3967 ὠφέλειαν.
523 3899 745 3970 Πλὴρης
767 3899 868 3970 μὲν
891 3901 1001 3970 γάρ
1027 3901 1158 3972 ἡμῖν
1181 3903 1274 3956 καὶ
1302 3902 1452 3956 ἑνδον
1487 3905 1520 3973 ἡ
1545 3903 1796 3974 τράπεζα

204 3983 316 4037 τῶν
342 3984 729 4055 πνευματικῶν
752 3985 1067 4057 ἐδεσμάτων
1108 3989 1423 4059 παρέκειτο,
1452 3989 1569 4044 ἀλλ’
1591 3994 1627 4061 ἡ
1657 3991 1796 4060 πρὸς

207 4071 333 4133 τοὺς
355 4071 545 4139 ἁγίους
571 4070 748 4136 ἔξοδος
767 4072 993 4135 τούτους
1018 4072 1134 4145 εχει
1160 4075 1281 4129 τινὰ
1314 4076 1408 4138 καὶ
1428 4076 1792 4146 ¹ψυχαγωγίαν

203 4157 304 4208 καὶ
331 4155 528 4228 κέρδος
561 4157 663 4227 τῆς
689 4156 1050 4228 ψυχαγωγίας
1075 4160 1176 4213 οὐκ
1209 4160 1451 4226 Ελαττον,
1475 4164 1578 4216 οὐκ
1603 4163 1792 4235 ἐπειδὴ

205 4241 452 4313 καθαρὸν
483 4242 578 4296 τὸν
620 4242 758 4313 ἀέρα
798 4244 1166 4317 ἀναπνέομεν,
1197 4247 1314 4301 ἀλλ’
1337 4249 1529 4320 ἐπειδὴ
1562 4250 1699 4321 πρὸς
1722 4249 1794 4303 τά

202 4327 315 4381 τῶν
358 4328 624 4397 γενναίων
670 4330 875 4384 τούτων
927 4332 1330 4404 κατορθώματα
1379 4335 1648 4406 βλέπομεν
1666 4353 1681 4369 ’
1728 4337 1792 4390 οὐ

201 4411 361 4484 παρὰ
386 4415 666 4484 ποταμοὺς
694 4414 922 4483 ὑδάτων,
950 4416 1088 4472 ἀλλά
1130 4420 1282 4490 παρὰ
1327 4425 1609 4492 ποταμοὺς
1634 4441 1792 4494 χαρι-

204 4499 430 4570 σμάτων
479 4501 841 4570 σκιρτῶντες·
897 4503 960 4555 οὐ
1006 4505 1470 4573 κατακόπτοντες,
1513 4511 1608 4562 καὶ
1653 4512 1791 4566 πόαν

203 4587 484 4657 κείροντες
535 4591 646 4651 τοῖς
696 4587 928 4656 ὀδοῦσιν,
953 4591 1091 4647 ἀλλὰ
1121 4594 1414 4666 μαρτύρων
1434 4597 1636 4667 ἀρετὰς
1661 4600 1792 4651 ἀνα-

204 4674 525 4744 λεγόμενοι·
564 4674 688 4745 οὐχὶ
723 4676 827 4746 γῆν
850 4676 1087 4748 ὁρῶντες
1110 4680 1596 4754 καλλωπιζομένην
1634 4685 1791 4739 ἄνθε-

204 4777 330 4824 σιν,
373 4758 512 4813 om
566 4759 795 4830 σώματα
853 4763 1141 4832 βλέποντες
1199 4770 1504 4840 χαρίσμασι
1555 4770 1790 4842 βρύοντα

201 4846 893 4916 πνωματικοῖς.Ἕκαστον
929 4849 1029 4921 μὶν
1056 4847 1148 4906 οῦν
1171 4853 1278 4907 τῶν
1306 4857 1622 4929 μαρτυρίων
1650 4875 1791 4930 παρ-

201 4933 320 5003 έχει
367 4934 482 4994 τοῖς
532 4932 946 5006 συλλεγομένοις
979 4937 1169 5009 κέρδος
1208 4941 1271 4994 οὐ
1302 4942 1518 5013 μικρὸν.
1555 4945 1790 5014 μάλιστα

197 5020 257 5073 δὲ
289 5020 546 5074 ἁπάντων
571 5020 764 5106 τοῦτο’
809 5023 946 5094 ὁμοῦ
981 5041 1041 5078 τε
1070 5026 1180 5098 γὰρ
1206 5028 1378 5100 ἐπέϐη
1407 5048 1492 5094 τις
1515 5031 1626 5086 τῶν
1657 5051 1789 5106 προ-

138 5134 140 5137 τ
199 5106 407 5179 θύρων,
439 5107 537 5160 καὶ
570 5105 773 5177 πλῆθος
790 5110 1003 5174 εὐθέως
1024 5112 1212 5180 τάφων
1246 5118 1585 5187 πανταχόθεν
1614 5105 1786 5192 προσ-

202 5195 394 5248 πίπτει
413 5198 530 5257 τοῖς
547 5193 864 5266 ὀφθαλμοῖς,
888 5199 982 5251 καὶ
1001 5202 1134 5253 ὅπου
1162 5213 1269 5272 περ
1296 5203 1362 5257 ἂν
1386 5204 1493 5276 ίδῃ,
1512 5205 1789 5277 λάρνακας

199 5283 295 5334 καὶ
342 5285 606 5352 μνήματα
647 5284 743 5336 καὶ
787 5283 961 5354 θήκας
985 5288 1089 5357 ὁρᾷ
1117 5287 1228 5340 τῶν
1253 5293 1678 5362 κατοιχομένων.
1711 5297 1787 5348 Οὐ

201 5368 397 5440 μικρὸν
421 5368 486 5439 δὴ
518 5369 650 5439 ἡμῖν
673 5371 754 5433 είς
785 5368 934 5443 [689]
964 5372 1280 5442 φιλοσοφίας
1313 5377 1476 5450 μέρος
1498 5378 1635 5451 αῦτη
1659 5397 1785 5433 συν-

195 5457 344 5511 τελεῖ
387 5456 498 5510 τῶν
539 5458 726 5525 τάφων
765 5461 798 5529 ἡ
844 5459 1070 5532 θεωρία.
1106 5461 1169 5516 'H
1203 5464 1313 5535 γὰρ
1355 5464 1504 5537 ψυχὴ
1550 5466 1640 5521 διὰ
1684 5469 1782 5539 τῆς

195 5544 369 5612 ὄψεως
397 5542 626 5612 ταύτης,
660 5544 764 5598 κᾶν
797 5546 1038 5618 ῥᾴθυμος
1166 5553 1373 5622 ταχέως
1414 5555 1782 5621 συστέλλεται,

197 5632 298 5686 κᾶν
327 5633 595 5685 σπουδαία
624 5633 718 5684 καὶ
757 5634 1176 5706 διεγηγερμένη,
1215 5641 1607 5714 σπουδαιοτέρα
1638 5643 1786 5710 γίνε-

195 5734 309 5772 ται·
338 5717 443 5773 κᾶν
471 5717 810 5787 ἀποδύρηταί
836 5739 916 5787 τις
945 5725 1154 5792 πενίαν,
1185 5726 1294 5780 ἀπὸ
1318 5729 1418 5799 τῆς
1449 5730 1622 5798 ὅψεως
1652 5728 1783 5782 ταύ-

1906 2454 2005 2507 της
2048 2435 2251 2498 εύθέως
2295 2434 2651 2504 παραμυθίαν
2691 2434 2932 2503 δέχεται,
2975 2433 3079 2485 κᾶν
3125 2432 3218 2486 ἐπὶ
3271 2428 3487 2499 πλούτῳ

1908 2523 2050 2591 μέγα
2085 2523 2278 2592 φρονῇ,
2307 2521 2657 2574 ταπεινοῦται
2690 2521 2784 2573 καὶ
2825 2518 3266 2574 καταστέλλεται.
3287 2517 3351 2570 'H
3377 2516 3487 2584 γὰρ

1902 2609 2010 2662 τῶν
2055 2609 2243 2677 τάφων
2290 2608 2412 2678 ὄψις
2458 2609 2688 2660 ἕκαστον
2720 2608 2828 2660 τῶν
2855 2606 3104 2676 ὁρώντων
3129 2605 3198 2657 τὰ
3224 2604 3352 2674 περί
3384 2604 3483 2671 τῆς

1899 2695 2153 2766 τελευτῆς
2185 2695 2282 2765 τῆς
2316 2694 2511 2749 ἑαυτοῦ
2539 2696 2638 2748 καὶ
2673 2696 2875 2749 ἄκοντα
2906 2693 3218 2762 φιλοσοφεῖν
3244 2689 3488 2758 ἀναγκάσ-

1901 2781 2004 2846 ζει,
2039 2783 2133 2835 καὶ
2165 2781 2344 2833 πείθει
2382 2782 2549 2851 μηδὲν
2590 2781 2698 2834 τῶν
2737 2781 3024 2851 παρόντων
3069 2779 3310 2849 νομίζειν
3346 2774 3489 2830 εἶναι

1903 2867 2140 2937 βέϐαιον,
2174 2869 2249 2938 μὴ
2275 2867 2540 2937 λυπηρὸν,
2591 2865 2666 2937 μὴ
2715 2867 2985 2938 χρηστόν·
3019 2864 3048 2915 ὁ
3078 2865 3133 2917 δέ
3161 2863 3334 2916 ταῦτα
3377 2879 3491 2915 πει-

1901 2953 2048 3018 σθεὶς
2094 2954 2155 3006 ού
2207 2954 2402 3024 ῥᾳδίως
2446 2953 2714 3007 ἁλώσεται
2747 2956 2813 3023 τῇ
2844 2954 2944 3021 τῆς
2974 2953 3246 3022 ἁμαρτίας
3280 2949 3489 3018 παγίδι.

1901 3040 2000 3094 Διὰ
2021 3040 2182 3096 τοῦτο
2211 3041 2304 3094 καί
2331 3040 2495 3109 σοφός
2539 3057 2624 3102 τις
2668 3041 2927 3110 παραινεῖ
2959 3039 3130 3106 λέγων
3156 3055 3170 3068 ο
3213 3039 3310 3089 Ἑν
3336 3034 3489 3088 πᾶσι

1897 3126 2025 3190 τοῖς
2055 3128 2259 3194 λόγοις
2303 3141 2420 3179 σου
2461 3125 2810 3194 μιμνήσκου
2848 3124 2922 3177 τὰ
2950 3121 3182 3192 ἐσχατὰ
3217 3138 3355 3182 σου,
3386 3121 3487 3173 καί

1897 3216 1987 3279 είς
2016 3213 2126 3266 τὸν
2161 3213 2348 3266 αίῶνα
2375 3211 2461 3282 μὴ
2486 3212 2752 3281 ἁμάρτῃς
2772 3227 2786 3242 ο
2826 3213 2922 3265 καὶ
2947 3213 3134 3282 ἐτεροξ
3161 3210 3220 3262 δέ
3248 3226 3334 3270 τις
3364 3224 3490 3260 συν-

1898 3299 2010 3368 ῳδὰ
2057 3298 2232 3368 τούτῳ
2273 3299 2575 3368 ’φθέγγεται
2627 3297 3012 3368 συμϐουλεύων
3055 3296 3262 3360 οὕτως·
3305 3295 3492 3348 Ἑτοί-

1892 3385 2038 3454 pars
2085 3391 2174 3452 εις
2217 3385 2334 3453 τὴν
2385 3384 2601 3448 ἔξοδον
2644 3383 2718 3436 τὰ
2760 3383 2904 3453 ἔργα
2960 3398 3078 3437 σου
3101 3423 3113 3438 .
3161 3381 3260 3436 καὶ
3303 3396 3490 3448 παρα-

1898 3469 2192 3532 σκευάζου
2242 3471 2394 3537 πρὸς
2419 3470 2536 3539 τὴν
2568 3469 2745 3523 ὁδόν·
2781 3471 2844 3523 οὐ
2898 3469 3028 3540 περὶ
3078 3471 3174 3538 τῆς
3223 3467 3489 3538 αἰσθητῆς

1897 3555 2018 3610 ὁδοῦ
2066 3556 2470 3625 διαλεγόμενος,
2506 3554 2643 3610 ἀλλὰ
2688 3556 2818 3626 περὶ
2863 3555 2962 3626 τῆς
2997 3554 3247 3609 ἐντεῦθεν
3283 3553 3488 3615 ἀποδη-

1903 3642 2158 3712 μίας.”Αν
2191 3643 2302 3714 γάρ
2328 3642 2595 3712 διηνεκῶς
2620 3641 2715 3696 καὶ
2749 3641 2870 3695 καθ’
2894 3643 3134 3711 ἑκάστην
3169 3641 3383 3711 ἡμέραν
3427 3639 3489 3691 τὸ

1897 3728 2000 3798 τῆς
2026 3729 2283 3799 τελευτῆς
2309 3728 2708 3800 προϐλέπωμεν
2735 3728 2954 3800 ἄδηλον,
2987 3728 3048 3781 ού
3069 3727 3281 3798 ταχέως
3305 3729 3486 3796 ἁμαρ-

1899 3814 2209 3885 τησόμεθα·
2248 3813 2374 3867 οὔτε
2403 3814 2514 3886 γὰρ
2545 3813 2614 3869 τά
2652 3815 2883 3887 λαμπρὰ
2918 3814 3015 3869 τοῦ
3057 3814 3174 3884 βίου
3219 3813 3487 3882 φυσῆσαι,

1899 3899 2026 3953 οὔτε
2051 3901 2121 3954 τά
2153 3900 2374 3970 λυπηρὰ
2403 3899 2651 3954 καθελεῖν
2683 3902 2834 3971 ἡμᾶς
2872 3903 2968 3955 καὶ
2994 3900 3296 3971 θορυϐῆσαι
3323 3898 3487 3969 δυνὴ-

1903 4003 2054 4041 σεται
2081 3987 2273 4058 ἄδηλον
2302 3987 2542 4058 ἑκάτερα
2564 3987 2624 4053 τὸ
2653 3988 2806 4052 τέλος
2828 3988 3042 4059 ἔχοντα.
3073 3988 3186 4040 Καὶ
3217 3986 3327 4058 γὰρ
3355 3984 3487 4037 πολ-

1899 4072 2061 4135 λάκις
2081 4074 2110 4125 ὁ
2136 4074 2379 4143 σήμερον
2407 4072 2519 4137 ζῶν
2556 4074 2678 4127 οὐδέ
2718 4075 2884 4146 μέχρι
2910 4075 3011 4144 τῆς
3037 4075 3278 4144 ἑσπέρας
3311 4071 3482 4141 μένει.

1903 4159 2093 4212 Ἐνδον
2116 4159 2216 4230 μὲν
2238 4156 2332 4213 οὖν
2355 4162 2415 4213 ἐν
2435 4162 2504 4231 τῇ
2535 4160 2688 4214 πόλει
2715 4160 3159 4232 ἐνδιατρίϐοντας
3185 4160 3246 4212 οὐ
3277 4158 3486 4230 σφόδρα

1898 4247 2046 4311 εἰκὸς
2068 4250 2139 4302 τά
2164 4248 2391 4302 τοιαῦτα
2415 4250 2647 4320 μελετᾷν
2677 4249 2773 4301 κτλ
2793 4249 3105 4318 φιλοσοφεῖν
3120 4264 3136 4279 ·
3166 4244 3486 4310 ἐξελθόντας

1897 4335 2003 4400 ἔξω
2032 4336 2248 4406 τειχῶν,
2273 4338 2368 4391 καὶ
2400 4337 2538 4408 πρὸς
2565 4339 2692 4400 τοὺς
2720 4338 2926 4406 τάφους
2953 4335 3178 4401 τούτους
3199 4333 3482 4396 ἐλθόντας,

1898 4423 1994 4476 καὶ
2055 4422 2117 4476 τὸ
2184 4423 2386 4495 πλῆθος
2439 4423 2550 4476 τῶν
2604 4424 3010 4494 κατοιχομένων
3072 4419 3480 4492 θεασαμένους,

1896 4512 2108 4584 ἀνάγκη
2175 4514 2326 4565 πᾶσα
2369 4511 2463 4565 καὶ
2493 4512 2715 4576 ἑκόντας
2746 4513 2841 4565 καὶ
2865 4512 3099 4573 ἄκοντας
3124 4509 3347 4572 τούτους
3371 4506 3493 4562 άπδν

1895 4599 1994 4670 τῆς
2019 4599 2193 4669 ὅψεως
2217 4600 2474 4664 δέξασθαι
2500 4601 2629 4663 τοὺς
2665 4599 2980 4670 λογισμοὺς,
3017 4599 3114 4652 καὶ
3153 4596 3480 4667 δεξαμένους

1897 4685 2261 4758 ὑψηλοτέρους
2290 4687 2562 4754 γενέσθαι,
2588 4687 2684 4739 καί
2703 4685 2802 4754 τῆς
2828 4685 2965 4756 πρὸς
2986 4685 3054 4738 τὰ
3079 4683 3310 4754 βιωτικὰ
3339 4682 3482 4752 πρά-

1894 4787 2082 4843 γματα
2127 4771 2474 4842 συμπαθείας
2505 4771 2911 4841 ἀπαλλαγῆναι.
2951 4771 3027 4824 υύ
3059 4771 3217 4841 μόνον
3247 4769 3304 4823 δέ
3337 4769 3484 4838 λογιο

1896 4861 2067 4930 σμοὺς
2094 4859 2368 4923 τοιούτους
2390 4859 2675 4929 δεξόμεθα,
2701 4859 2838 4913 ἀλλὰ
2864 4859 2959 4912 καὶ
2982 4858 3118 4927 πρὸς
3140 4859 3239 4928 τὴν
3261 4855 3485 4911 αἰώνιον

1894 4946 2051 5016 ἡμῶν
2078 4947 2312 5018 πατρίδα
2337 4946 2588 4999 σπεύδειν
2610 4947 2705 5000 καὶ
2733 4944 3250 5016 παρασκευάζεσθαι
3271 4943 3477 5013 ἀρκοῦ-

1895 5049 1994 5085 σαν
2024 5033 2370 5103 παράκλησιν
2402 5032 2617 5100 ἕξομεν,
2657 5033 2752 5085 καὶ
2782 5033 2963 5084 πάντα
2989 5032 3125 5102 πρὸς
3158 5031 3256 5100 τὴν
3281 5029 3485 5100 άπιιδηο

1899 5119 2028 5188 μίαν
2048 5120 2148 5190 τὴν
2170 5121 2289 5172 ἐκεῖ
2307 5119 2373 5172 τὰ
2397 5120 2519 5172 καθ’
2542 5121 2687 5190 ἡμᾶς
2708 5119 3074 5190 εὐτρεπίζειν,
3105 5117 3315 5181 εἰδότας
3338 5118 3476 5189 ὅπερ

1893 5206 1960 5261 ἂν
2006 5209 2242 5262 ἐνταῦθα
2292 5208 2402 5260 τῶν
2449 5209 2739 5278 ἡμετέρων
2789 5208 3209 5277 καταλίπωμεν,
3271 5206 3476 5276 ζημίαν

1895 5297 2024 5366 ἡμῖν
2070 5295 2239 5347 οἴσειν
2287 5295 2665 5364 καταλειφθέν.
2711 5294 2981 5367 Καθάπερ
3035 5293 3145 5368 γὰρ
3195 5294 3478 5366 ὁδοιπόρος

1898 5385 2113 5454 μακρὰν
2140 5383 2337 5436 ὁδεύων
2365 5383 2482 5436 ὁδὸν
2511 5383 2602 5436 καὶ⁵
2636 5384 2771 5452 πρὸς
2800 5383 2900 5454 τὴν
2930 5385 3165 5451 πατρίδα
3193 5383 3478 5451 ἐπειγόμε-

1891 5486 1978 5531 νος
2005 5470 2100 5539 τὴν
2131 5469 2346 5533 ἑαυτοῦ,
2379 5469 2516 5540 ὅπερ
2559 5470 2625 5524 ἂν
2652 5472 2712 5522 ἐν
2743 5470 2820 5540 τῷ
2850 5471 3150 5540 πανδοχείῳ
3177 5470 3475 5538 καταλίπῃ,

1879 5556 2104 5619 ,πάντως
2136 5555 2407 5618 ἀπώλεσε,
2435 5558 2529 5610 καὶ
2561 5557 2892 5627 ἐζημίωται·
2925 5557 3070 5610 οὕτω
3101 5558 3166 5627 δὴ
3198 5557 3291 5609 καὶ
3313 5557 3475 5626 ἡμεῖς

1885 5645 1986 5698 ὅσα
2011 5645 2241 5698 ἐνταῦθα
2273 5646 2381 5698 τῶν
2412 5647 2698 5718 ἡμετέρων
2719 5647 2952 5717 ἀφέντες
2977 5647 3324 5715 ἀπέλθωμεν,
3346 5645 3474 5708 ἐζη-

1893 5729 2149 5802 μιὼμεθα
2182 5733 2391 5791 πάντα·
2429 5729 2510 5786 διδ
2536 5731 2639 5802 χρὴ
2675 5731 2745 5786 τὰ
2775 5733 2874 5803 μέν
2906 5733 3024 5801 μεθ’
3046 5731 3278 5796 ἑαυτῶν,
3314 5730 3380 5784 τὰ
3417 5729 3478 5782 ιῖες
