4084 6472
588 425 698 496 πρὸ
740 423 945 477 ἐαυτῶν
991 422 1382 492 παραπέμπειν
1415 409 1550 480 ἐκεῖ.
1568 423 1716 488 Ὁδὸς
1743 425 1850 496 γὰρ
1889 429 1919 479 6
1961 427 2150 497 παρὼν

591 514 705 586 βίος
734 512 869 577 ἐστὶ,
909 511 1002 565 καὶ
1027 500 1196 570 οὐδέν’
1213 515 1473 584 στάσιμον
1500 513 1632 584 ἔχει,
1669 515 1805 568 ἀλλά
1832 517 1926 568 καὶ
1957 519 2024 569 τὰ
2056 515 2150 568 λυ-

586 604 738 674 πηρά
783 601 945 655 αὐτοῦ
992 601 1088 656 καὶ
1135 602 1204 657 τὰ
1250 603 1460 674 χρηστά
1511 603 1900 675 παροδεύομεν.
1953 603 2053 657 Διά
2083 604 2150 676 δὴ

584 695 741 750 τοῦτο
768 695 1002 765 μάλιστα
1022 695 1238 749 πάντων
1262 696 1409 747 τουτὶ
1442 691 1580 763 φιλῶ
1610 695 1672 749 τὸ
1697 696 1914 766 χωρίον,
1945 697 2025 749 ὄτι
2050 696 2151 749 οὐκ

588 787 646 838 ἐν
678 785 893 852 συνάξει
929 787 1108 855 μόνον,
1138 784 1273 838 ἀλλά
1292 785 1386 839 καὶ
1409 785 1679 851 συνάξεως
1700 786 1864 856 χωρὶς
1892 786 2151 850 πολλάκις

587 875 820 929 ἐνταῦθα
869 875 1296 945 ἀφικνούμενος,
1340 874 1544 929 τούτων
1593 875 1830 945 συνεχῶς
1873 876 2151 949 ἐμνήσθην

584 966 692 1018 τῶν
724 966 914 1035 λόγων,
940 967 1047 1019 τῶν
1068 967 1357 1037 ὀφθαλμῶν
1393 986 1493 1039 μου
1525 969 1648 1031 τοὺς
1674 968 1881 1036 τάφους
1923 969 1982 1022 ἐν
2018 958 2150 1040 ἐρη-

586 1059 684 1130 μίᾳ
732 1060 897 1130 πολλῇ
949 1060 1068 1129 μεθ’
1095 1061 1326 1131 ἡσυχίας
1365 1061 1859 1132 περισκοπούντων,
1906 1062 2003 1115 καὶ
2049 1064 2148 1134 τὴν

580 1146 759 1219 ψυχὴν
800 1149 934 1214 πρὸς
965 1149 1094 1213 τοὺς
1135 1152 1549 1222 κατοιχομένους
1584 1151 1676 1205 καὶ
1698 1151 1797 1223 τὴν
1825 1153 1944 1204 ἐκεῖ
1973 1169 2150 1224 παρα-

583 1237 906 1306 πεμπόντων
935 1241 1286 1295 κατάστασιν.

653 1431 807 1505 [690]
840 1434 904 1504 β’.
937 1437 1033 1489 Διά
1059 1436 1120 1507 δὴ
1139 1437 1308 1492 ταῦτα
1332 1438 1533 1492 καὶτὸν
1554 1442 1800 1508 γενναῖον
1823 1441 2008 1496 τοῦτον
2024 1441 2148 1495 θαυ-

584 1520 742 1590 μάζω
772 1523 996 1592 πατέρα,
1030 1524 1114 1579 ὅτι
1145 1525 1384 1595 γαληνῆς
1411 1527 1622 1596 ἡμέρας
1648 1528 2034 1599 ἐπιλαϐόμενος
2062 1531 2146 1582 ἐν-

454 1609 461 1624 "
578 1605 754 1660 ταῦθα
785 1609 928 1679 ἡμᾶς
961 1608 1225 1679 ἐξήγαγε,
1265 1613 1676 1684 προηγουμένης
1707 1614 1762 1666 δὲ
1801 1617 1896 1668 καὶ
1924 1615 2146 1685 ὁδηγού-

582 1708 682 1762 σης
721 1693 820 1763 τῆς
850 1697 1122 1765 μακαρίας
1163 1698 1413 1773 Δροσίδος
1437 1739 1452 1763 ,
1489 1694 1557 1769 ἧς
1584 1698 1682 1770 τὴν
1716 1701 1934 1771 μνήμην
1958 1702 2140 1753 ἐπιτε-

577 1778 796 1851 λοῦμεν.
821 1781 925 1836 Καὶ
943 1784 1050 1854 γὰρ
1070 1785 1205 1854 πρὸς
1228 1789 1337 1848 τοῖς
1352 1788 1659 1856 εἰρημένοις
1678 1789 1862 1860 ἐτερόν
1883 1807 1935 1842 τι
1961 1791 2144 1859 μεῖζον

576 1868 686 1920 ἀπὺ
710 1865 806 1921 τοῦ
833 1870 993 1923 τόπου
1021 1871 1208 1940 κέρδος
1234 1867 1350 1925 ἐστὶ
1381 1872 1797 1944 καρπώσασθαι.
1835 1875 2004 1928 Ὅταν
2034 1877 2145 1948 γὰρ

577 1955 677 2019 τὰς
719 1948 884 2020 ἄλλας
922 1958 1368 2030 παραδραμόντες
1418 1961 1693 2031 λάρνακας
1740 1963 1837 2017 ἐπὶ
1885 1965 1984 2027 τάς
2035 1965 2148 2020 τῶν

576 2047 874 2118 μαρτύρων
900 2048 1074 2118 θήκας
1103 2048 1372 2119 ελθωμεν,
1402 2050 1730 2122 ὑψηλότερον
1759 2054 1894 2124 ἡμῖν
1919 2053 1982 2108 τὸ
2006 2055 2144 2126 φρά-

575 2152 727 2207 νημα
767 2139 1010 2207 γίνεται.
1043 2140 1377 2213 εὐτονωτέρα
1411 2145 1444 2213 η
1484 2143 1663 2215 ψυχὴ,
1700 2144 1899 2214 μείζων
1931 2148 1966 2217 ή
2015 2138 2147 2218 προ-

577 2225 767 2298 θυμία,
796 2229 1098 2301 θερμοτέρα
1125 2232 1158 2301 ή
1183 2231 1386 2295 πίστις.

655 2391 906 2459 Ἐπειδὰν
933 2400 1026 2458 οὖν
1049 2407 1176 2471 τούς
1206 2406 1401 2472 πόνους
1424 2409 1522 2463 καὶ
1545 2412 1670 2475 τούς
1696 2411 1914 2480 ἀγῶνας
1953 2413 2046 2468 καὶ
2072 2415 2142 2469 τὰ

573 2494 779 2548 ἔπαθλα
803 2496 980 2551 καὶτὰ
1003 2497 1231 2569 βραϐεῖα
1259 2499 1497 2562 καὶτοὺς
1519 2502 1816 2572 στεφάνους
1838 2503 1948 2558 τῶν
1972 2505 2142 2573 ἁγίων

572 2585 1021 2660 ἀναλογισώμεθα
1051 2587 1255 2641 τούτων
1277 2627 1292 2653 ,
1329 2589 1492 2647 πάλιν
1528 2591 1723 2660 ἑτέραν
1753 2593 1973 2663 μείζονα
2005 2595 2139 2664 πρό-

574 2693 737 2744 φασιν
763 2679 1256 2750 ταπεινοφροσύνης
1279 2681 1624 2753 εὑρίσκομεν.
1655 2684 1773 2737 Κᾶν
1799 2685 1906 2756 γὰρ
1931 2684 2140 2755 μεγάλα

571 2765 714 2842 τιςῇ
750 2769 1147 2840 κατωρθωκὼς,
1183 2772 1335 2824 οὐδὲν
1368 2775 1632 2844 ἡγήσεται
1665 2775 1805 2844 μέγα
1839 2778 2140 2847 πεποιηκέ-

571 2873 694 2924 ναι,
734 2859 898 2913 αὐτοῦ
929 2859 1025 2930 τὴν
1065 2861 1262 2932 ἀρετὴν
1306 2865 1420 2925 τοῖς
1477 2863 1699 2918 ἐκείνων
1747 2864 2085 2935 παλαίσμασι
2120 2885 2134 2898 ο

571 2946 673 2999 κᾶν
721 2946 888 3018 μηδὲν
1029 2949 1171 3019 μέγα
1211 2951 1305 3003 καὶ
1353 2952 1556 3019 ἀγαθον
1604 2953 1981 3024 εἰργασμένος,
2037 2957 2137 3010 οὐκ

554 3037 944 3105 σάπογνώσεται
970 3040 1066 3109 τῆς
1095 3040 1288 3094 ἐαυτοῦ
1322 3041 1613 3112 σωτηρίας,
1648 3042 1784 3113 πρὸς
1810 3043 2010 3114 ἀρετῆς
2040 3061 2138 3114 με-

568 3129 801 3200 ταϐολὴν
825 3130 1049 3200 ἀπὺοτῆς
1074 3131 1317 3201 ἀνδρείας
1338 3130 1541 3184 τούτων
1570 3132 1748 3196 λαϐὼν
1771 3134 2136 3205 παράκλησιν,

568 3219 664 3272 καὶ
696 3219 830 3289 πρὸς
857 3221 1046 3274 ἐαυτὸν
1077 3223 1466 3293 ἐννοήσας-ὄτι
1501 3223 1838 3293 συμϐήσεταί
1872 3241 2002 3277 ποτε
2042 3227 2137 3279 καὶ

567 3310 730 3363 αὐτὸν
759 3311 890 3373 ἴσως
913 3312 1012 3380 τῆς
1037 3312 1128 3364 τοῦ
1159 3311 1291 3366 Θεοῦ
1321 3314 1736 3382 φιλανθρωπίας.
1753 3314 2132 3385 καταξιούσης,

565 3398 790 3453 τοιαῦτα
816 3400 1068 3453 ἅλλεσθαι
1093 3401 1332 3471 ἅλματα,
1354 3405 1448 3456 καὶ
1473 3403 1667 3473 ἀθρόον
1696 3404 1833 3472 πρὸς
1859 3404 1949 3458 τὸν
1980 3407 2137 3478 οὐρα-

566 3489 657 3542 νδν
690 3490 974 3560 ἀναϐῆναι,
1009 3492 1102 3545 καὶ
1132 3492 1230 3562 τῆς
1273 3493 1536 3563 μεγίστης
1567 3493 1780 3565 ἐκείνης
1825 3497 2137 3566 παρρησίας

565 3580 868 3650 ἐπιτυχεῖν⁸
901 3581 994 3634 καὶ
1028 3582 1200 3635 ταῦτα
1227 3582 1321 3635 καὶ
1353 3583 1512 3652 ἐτερα
1541 3583 1720 3654 πολλῷ
1751 3583 1972 3639 πλείονα
2013 3585 2136 3638 τού-

564 3685 676 3723 των
721 3669 967 3724 ἐντεῦθεν
1004 3670 1117 3726 ἐστι
1167 3671 1628 3743 φιλοσοφήσαντας
1672 3673 1946 3728 ἀπελθεῖν.
1981 3676 2136 3745 Μαρ-

563 3757 742 3829 τύρων
771 3761 879 3831 γὰρ
920 3759 1168 3824 θάνατος,
1199 3762 1404 3814 πιστῶν
1445 3763 1561 3814 ἐστι
1603 3763 1962 3834 παράκλησις.
2011 3764 2136 3818 Ἐκ-

565 3851 805 3921 κλησιῶν
828 3852 1126 3922 παρρησία,
1152 3853 1196 3904 Χ
1204 3849 1577 3925 ριστιανισμοῦ
1603 3854 1880 3922 σύστασις,
1904 3856 2132 3911 θανάτου

565 3941 890 4007 κατάλυσις,
924 3943 1271 4005 ἀναστάσεως
1297 3944 1603 4008 ἀπόδειξις,
1632 3943 1899 4014 δαιμόνων
1939 3946 2132 4015 γέλως,

563 4030 811 4085 διαϐόλου
836 4033 1153 4103 κατηγορία,
1179 4033 1490 4102 φιλοσοφίας
1509 4034 1848 4098 διδασκαλία,
1877 4037 2134 4106 παραίνε-

566 4138 650 4184 σις
687 4121 788 4192 τῆς
825 4123 1123 4193 ὑπεροψίας
1157 4123 1268 4176 τῶν
1297 4125 1580 4194 παρόντων
1614 4127 1991 4196 πραγμάτων,
2040 4127 2136 4180 καὶ

563 4211 665 4282 τῆς
693 4213 801 4265 τῶν
834 4213 1132 4282 μελλόντων
1164 4213 1455 4284 ἐπιθυμίας
1485 4215 1621 4280 ὁδὸς,
1663 4217 1985 4288 παραμυθία
2026 4217 2134 4273 τῶν

563 4303 898 4374 κατεχόντων
941 4305 1088 4375 ἡμᾶς
1117 4304 1347 4377 δεινῶν,
1387 4308 1483 4359 καὶ
1525 4307 1799 4377 ὑπομονῆς
1837 4308 2131 4380 πρόφασις,

563 4394 855 4464 καρτερίας
893 4393 1134 4466 ἀφορμὴ,
1170 4396 1264 4449 καὶ
1314 4399 1532 4452 πάντων
1565 4398 1672 4451 τῶν
1721 4399 1940 4468 ἀγαθῶν
1986 4394 2148 4471 ῥίζα,

562 4486 655 4539 καὶ
684 4484 852 4555 πηγὴ,
887 4487 980 4539 καί
1016 4487 1196 4558 μήτηρ
1220 4503 1235 4517 ⁸
1267 4489 1360 4542 καὶ
1403 4491 1450 4542 εἰ
1479 4488 1732 4559 βούλεσθε
1762 4490 1967 4544 τούτων
1998 4491 2132 4545 ἐκα-

561 4591 685 4628 στον
720 4575 1095 4650 ἀποδείξομεν,
1123 4580 1214 4632 καὶ
1246 4580 1479 4652 ἐροῦμεν
1506 4582 1622 4645 πῶς
1646 4583 1759 4635 ἐστι
1793 4583 1997 4637 πιστῶν
2029 4601 2133 4638 πα-

562 4659 844 4732 ράκλησις,
892 4661 1224 4734 Ἐκκλησιῶν
1260 4668 1562 4738 παρρησία,
1608 4671 1954 4735 ἀναστάσεως
1990 4674 2129 4726 ἀπό-

557 4749 740 4813 δειξις,
769 4754 861 4805 καί⁸
889 4754 956 4807 τά
988 4755 1149 4808 λοιπά
1176 4757 1410 4822 ἅπαντα,
1445 4760 1587 4831 άπερ
1617 4759 1770 4816 εἷπον
1809 4766 1923 4821 νῦν,
1963 4765 2130 4819 Ὅταν

557 4836 649 4894 οῦν
682 4842 819 4912 πρὸς
850 4843 1119 4915 Ἕλληνας
1148 4849 1278 4916 ἡμῖν
1297 4848 1510 4914 ,ἀγῶνες
1542 4851 1796 4906 κινῶνται
1828 4855 1923 4907 καὶ
1957 4856 2128 4925 μάχαι

562 4934 687 5003 περὶ
716 4934 1030 5004 δογμάτων,
1064 4937 1157 4989 καὶ
1199 4938 1556 4994 διαϐάλλωσιν
1603 4943 1759 5011 ἡμῶν
1797 4945 1895 5014 τὴν
1923 4946 2126 5012 πίστιν,

561 5026 697 5096 μετά
731 5016 838 5078 τῶν
868 5027 1042 5080 ἄλλων
1070 5029 1163 5081 καὶ
1190 5030 1345 5082 τοῦτο
1369 5031 1800 5104 προϐαλλιῖῳεθα
1829 5037 1960 5108 πρὸς
1986 5040 2129 5093 ὲκεί-

556 5133 696 5179 νους,
725 5116 834 5170 τῶν
866 5118 1158 5188 μαρτύρων
1187 5120 1328 5190 φημὶ
1353 5121 1443 5174 τὸν
1465 5122 1711 5192 θάνατον,
1740 5126 2004 5194 λέγοντες⁸
2030 5131 2127 5194 Τίς

552 5206 776 5272 τούτους
813 5209 996 5262 ἔπεισε
1032 5211 1133 5279 τῆς
1176 5215 1456 5285 παρούσης
1490 5219 1900 5288 καταφρονῆσαι
1942 5221 2122 5291 ζωῆς;

550 5297 617 5350 Εἰ
646 5298 754 5368 γὰρ
781 5299 1048 5354 ἀπέθανεν
1086 5303 1116 5354 6
1147 5303 1382 5373 Χριστὸς
1408 5305 1502 5357 καὶ
1539 5307 1638 5359 οὐκ
1676 5307 1896 5385 ἀνέστη,
1930 5312 2014 5375 τίς
2057 5313 2125 5366 τά
2153 5305 2156 5308 ί

554 5385 695 5456 ὑπὲρ
733 5387 894 5455 φύσιν
933 5389 1104 5444 ταῦτα
1137 5392 1530 5463 κατώρθωσεν;
1579 5397 1700 5450 Ὅτι
1748 5398 1856 5470 γὰρ
1901 5402 1999 5455 οὐκ
2031 5404 2166 5457 ἀνοκ

553 5476 832 5550 θρωπίνης
861 5479 1140 5552 δυνάμεως
1183 5485 1447 5556 μυριάδας
1479 5487 1752 5552 τοσαύτας
1773 5491 1838 5544 ἐκ
1869 5494 2122 5549 τοσούτου

552 5567 744 5637 χρόνου
782 5571 882 5622 οὐκ
926 5572 1134 5643 ἀνδρῶν
1178 5575 1369 5644 μόνον,
1405 5575 1540 5630 ἀλλά
1577 5578 1671 5631 καὶ
1713 5581 1987 5648 γυναικῶν
2031 5588 2123 5640 καὶ

552 5653 834 5725 παρθένων
867 5664 1257 5735 ἀπειρογάμων
1286 5669 1378 5722 καὶ
1407 5669 1878 5743 παιδίωνμικρῶν
1918 5676 2120 5732 πείθειν

1277 313 1334 370 S.
1374 311 1656 370 JOANNIS
1698 313 2187 372 CHRYSOSTOMI
2233 317 2547 373 ARCHIEP.
2593 315 3128 374 CONSTANTINOP.

2263 429 2536 501 ὑπερορᾶν
2575 429 2674 498 τῆς
2714 428 2998 498 παρούσης
3027 426 3190 501 ζωῆς,
3224 427 3316 480 καὶ
3349 423 3695 495 κατατολμᾷν
3733 425 3837 496 θη-

2261 497 2390 585 ρίων
2408 497 2754 587 ,καταγελᾷν
2797 515 2990 585 πυρὸς,
3024 497 3359 568 καταπατεῖν
3386 511 3532 565 ἅπαν
3564 508 3705 574 εἶδος
3733 529 3836 566 κο-

2256 604 2463 669 λάσεως
2493 607 2585 659 καὶ
2611 605 2877 676 τιμωρίας
2895 641 2910 666 ,
2944 604 3040 656 καὶ
3068 604 3204 674 πρὸς
3228 602 3328 672 τὴν
3364 601 3660 672 μέλλουσαν
3682 601 3839 654 ἐπεί-

2256 696 2447 762 γεσθαι
2472 696 2616 768 ζωὴν
2636 737 2649 761 ,
2675 697 2794 750 οὐδὲ
2816 695 2924 748 τῶν
2947 695 3231 765 ἡμετέρων
3255 693 3492 762 ἐλέγχων
3520 693 3833 761 δεήσονται,

2256 786 2368 839 ἀλλ’
2399 788 2625 850 ἑαυτοὺς
2649 786 2918 860 ἐροῦνται,
2947 785 3040 838 καὶ
3060 785 3250 854 ἱκανὴν
3277 783 3550 848 ἀπόδειξιν
3569 781 3838 852 λήψονται

2256 875 2365 928 τῶν
2397 875 2723 945 λεγομένων.
2769 875 2860 940 Ἐξ
2889 867 2950 927 οὐ
2989 875 3096 946 γὰρ
3137 876 3167 928 6
3209 872 3441 943 Χριστὸς
3474 872 3834 942 παρεγένετο,

2254 964 2509 1031 γεγόνασι
2545 965 2645 1034 μὲν
2677 965 2895 1018 ἄπιστοι
2930 964 3186 1034 βασιλεῖς,
3227 962 3483 1031 γεγόνασι
3512 962 3569 1013 δὲ
3599 960 3695 1013 καὶ
3733 978 3834 1013 πι-

2257 1053 2393 1116 στοὶ,
2422 1052 2560 1106 ἀλλά
2582 1053 2691 1106 τῶν
2722 1055 2822 1123 μὲν
2849 1055 3092 1107 ἀπίστων
3116 1053 3166 1105 οί
3193 1052 3409 1115 πλείους
3431 1053 3522 1103 ἐπὶ
3551 1051 3829 1122 βάραθρα,

2253 1141 2348 1195 καὶ
2382 1143 2578 1214 πυρὰς,
2627 1145 2722 1197 καὶ
2761 1142 2913 1215 [691]
2958 1144 3256 1214 κρημνοὺς,
3307 1142 3402 1195 καὶ
3447 1142 3686 1211 πελάγη,
3738 1143 3833 1196 καὶ

2254 1232 2457 1302 θηρίων
2488 1234 2704 1302 μανίαν,
2732 1235 2828 1287 καὶ
2852 1234 3221 1306 πολυτρόπους
3242 1235 3511 1299 κολάσεις,
3536 1237 3631 1288 καὶ
3655 1252 3836 1304 τιμω-

2254 1323 2375 1390 ρίας
2427 1324 2554 1385 τοὺς
2601 1325 2824 1388 πιστοὺς
2863 1320 3016 1395 ἦγον,
3067 1326 3228 1378 παντὶ
3267 1327 3456 1396 τρόπῳ
3498 1327 3596 1396 τὴν
3642 1327 3833 1378 πίστιν

2252 1412 2710 1482 άναμοχλεύοντες
2753 1415 2854 1485 τῆς
2883 1415 3110 1469 ἐκείνων
3135 1414 3316 1486 ψυχῆς
3335 1458 3350 1482 ,
3382 1418 3474 1470 καὶ
3503 1418 3659 1470 οὐδὲν
3692 1419 3828 1488 ﬂvu-

2254 1518 2373 1566 σαν,
2424 1503 2560 1556 ἀλλά
2591 1505 3084 1573 καταγελασθέντες
3133 1506 3391 1576 ἀπῆλθον,
3423 1508 3533 1560 τῶν
3580 1509 3684 1578 μὲν
3735 1525 3831 1561 πι-

2253 1593 2548 1646 στευόντων
2586 1595 2750 1647 παντὶ
2793 1595 2979 1667 τρόπῳ
3026 1597 3378 1666 κοπτομένων
3401 1637 3418 1662 ,
3452 1598 3550 1665 τῆς
3583 1599 3831 1663 πίστεως

2249 1680 2307 1733 δὲ
2339 1681 2642 1755 αὐξομένης
2677 1683 2957 1753 μειζόνως.
2988 1686 3229 1757 Εὐσεϐὴς
3261 1686 3320 1739 δὲ
3357 1686 3609 1756 βασιλεὺς
3649 1688 3832 1752 οὐδεὶς

2250 1769 2504 1823 οὐδέποτε
2547 1773 2719 1844 ἄνδρα
2749 1774 2976 1827 ἀπιστον
3020 1775 3245 1828 κολάσαι
3279 1776 3372 1828 καὶ
3401 1777 3830 1846 τιμωρήσασθαι

2250 1861 2444 1928 εἵλετο,
2474 1865 2901 1934 καταναγκάζων
2932 1867 3234 1937 ἀποστῆναι
3260 1868 3360 1939 τῆς
3393 1869 3626 1940 πλάνης.
3682 1871 3832 1924 Ἀλλ’

2250 1949 2399 2020 ὅμως
2425 1953 2520 2006 καὶ
2541 1953 2715 2018 οὕτως
2744 1957 3063 2026 αὐτομάτως
3092 1960 3357 2029 καταρρεῖ
3383 1961 3478 2012 καὶ
3501 1959 3829 2027 ἀπόλλυται,

2251 2040 2337 2094 ἵνα
2364 2040 2542 2113 μάθῃς
2566 2045 2662 2097 καὶ⁵
2687 2045 2786 2114 τῆς
2815 2045 3070 2115 ἀληθείας
3097 2049 3197 2120 τήν
3237 2050 3408 2120 ἱσχύν,
3452 2053 3547 2103 καὶ
3572 2051 3670 2104 τοῦ
3698 2051 3834 2121 ψεύ-

2251 2130 2374 2194 δους
2409 2132 2510 2203 τὴν
2533 2134 2838 2201 ἀσθένειαν,
2869 2138 2962 2189 τοῦ
3003 2139 3103 2207 μὲν
3124 2139 3446 2210 αὐτομάτως
3474 2142 3568 2193 καὶ
3595 2143 3834 2211 μηδενὸς

2249 2220 2591 2289 ἐνοχλοῦντος
2617 2225 2748 2278 ἀπολ
2760 2225 3015 2297 λυμένου,
3042 2228 3141 2298 τῆς
3171 2227 3228 2282 δὲ
3252 2229 3342 2282 διὰ
3367 2229 3476 2282 τῶν
3506 2231 3832 2285 κωλυόντων

2248 2309 2553 2383 αὐξομένης
2591 2316 2848 2388 καὶπρὸς
2879 2318 3013 2388 ῦψος
3055 2320 3352 2390 αἰρομένης
3388 2321 3632 2388 ἀφατον“ο
3665 2321 3728 2374 τὸ
3771 2321 3831 2374 δὲ

2246 2400 2420 2456 αἴτιον
2441 2445 2457 2470 ,
2490 2405 2572 2457 ὃτι
2607 2408 2703 2459 καὶ
2740 2408 2805 2478 ζῇ
2840 2409 2936 2462 καὶ
2969 2411 3182 2480 ἐνεργεῖ
3216 2413 3338 2472 ταῖς
3372 2411 3481 2464 τῶν
3531 2411 3832 2482 μαρτύρων

2246 2493 2441 2563 ψυχαῖς
2470 2497 2499 2547 6
2537 2496 2788 2567 Χριστός.
2828 2497 2996 2551 Ὅταν
3041 2495 3134 2553 οὖν
3165 2500 3416 2568 λέγωσιν,
3457 2501 3536 2552 ὅτι
3581 2501 3684 2552 οὐκ
3732 2501 3832 2552 ἀν-

2246 2584 2399 2654 έστη,
2427 2585 2598 2641 ταῦτα
2614 2587 2808 2652 αὐτοὺς
2831 2589 3144 2658 ἐρωτῶμεν·
3171 2590 3280 2641 Καὶ
3308 2589 3393 2652 τίς
3419 2589 3593 2642 ταῦτα
3619 2590 3833 2659 κατώρ-

2247 2672 2454 2743 θωσεν;
2479 2679 2508 2731 ό
2530 2678 2742 2747 νεκρρς,
2771 2679 2891 2733 εἰπέ
2927 2696 3055 2750 μοις
3095 2680 3254 2733 Ἀλλά
3283 2681 3542 2734 τοσοῦτοι.
3567 2681 3828 2749 γεγόνασι

2243 2768 2447 2835 νεκροὶ,
2488 2770 2584 2822 καὶ
2622 2769 2801 2832 οὐδεὶς
2831 2769 3056 2824 τοιαῦτα
3091 2771 3406 2841 εἰργάσατο.
3449 2770 3612 2824 Ἀλλά
3651 2772 3831 2841 μάγος

2245 2858 2337 2909 καὶ
2357 2859 2490 2930 γόης
2508 2854 2576 2930 ἦν
2602 2875 2616 2924 ;
2648 2860 2808 2913 Ἀλλά
2833 2860 3016 2913 πολλοὶ
3048 2862 3141 2914 καὶ
3174 2863 3338 2932 μάγοι
3378 2864 3473 2916 καὶ
3504 2863 3704 2932 γόητες
3733 2865 3832 2918 καὶ

2244 2947 2436 3002 πλάνοι
2459 2948 2802 3019 γεγένηνται,
2823 2950 2918 3002 καὶ
2946 2951 3147 3010 πάντες
3166 2951 3499 3022 σεσίγηνται,
3519 2953 3615 3004 καὶ
3637 2952 3832 3021 λείψα-

2244 3055 2332 3091 νον
2357 3037 2535 3092 αὐτῶν
2565 3039 2664 3091 οὐκ
2693 3038 2839 3092 ἐστιν
2862 3039 3121 3110 οὐδαμοῦ,
3151 3041 3284 3093 ἀλλὰ
3314 3042 3732 3112 συναπεσϐέσθη
3759 3045 3829 3113 τῇ

2245 3127 2358 3198 ζωῇ
2381 3129 2475 3181 καὶ
2500 3127 2568 3181 τά
2589 3129 2687 3199 τῆς
2710 3130 3048 3198 μαγγανείας
3070 3129 3271 3192 αὐτοῖς·
3295 3129 3361 3182 τὰ
3390 3130 3445 3182 δέ
3466 3128 3831 3205 τοῦεΧριστοῦ

2245 3217 2365 3269 καθ’
2390 3218 2628 3289 ἑκάστην
2651 3217 2870 3283 αὒξεται
2894 3219 2989 3290 τὴν
3019 3220 3250 3290 ἡμέραν,
3278 3220 3374 3273 καὶ
3403 3221 3550 3291 μάλα
3573 3221 3830 3284 εἰκότωςο

2241 3307 2303 3358 οὐ
2336 3307 2446 3378 γάρ
2483 3309 2705 3379 γοητεία
2734 3309 2942 3376 ἐγίνετο
2981 3311 3050 3362 τὰ
3076 3310 3356 3380 γινόμενα,
3397 3311 3532 3364 ἀλλά
3579 3311 3704 3381 θείᾳ
3735 3311 3831 3368 δυ·

2243 3399 2424 3470 νάμει,
2448 3401 2538 3455 διὰ
2566 3402 2724 3455 τοῦτο
2743 3403 2864 3456 οὐδὲ
2892 3402 3238 3458 καταλύεται.
3267 3405 3486 3458 Μᾶλλον
3509 3405 3567 3458 δὲ
3588 3407 3692 3460 οὐκ
3717 3405 3830 3459 ἀπὸ

2241 3489 2432 3543 τούτου
2471 3492 2572 3561 τῆς
2613 3492 2896 3563 δυνάμεως
2930 3494 3202 3558 ἀπόδειξιν
3240 3495 3499 3564 ποιοῦμαι
3539 3496 3701 3565 μόνον
3740 3498 3830 3551 ὃτι

2243 3580 2486 3645 αὔξεται,
2519 3583 2632 3639 ἀλλ’
2657 3585 2740 3638 ὅτι
2765 3586 2859 3637 καὶ
2879 3586 2966 3638 ἐπ’
2988 3585 3197 3656 ἀγαθῷ,
3217 3587 3314 3639 καὶ
3335 3589 3403 3657 τῇ
3424 3587 3524 3656 τῆς
3546 3589 3832 3658 ἡμετέρας

2243 3667 2388 3738 ζωῆς
2423 3671 2688 3742 σωτηρίᾳ.
2719 3671 2872 3725 Μετά
2903 3673 3015 3742 γὰρ
3042 3673 3139 3743 τὴν
3169 3674 3378 3726 ἐκείνου
3423 3677 3729 3745 παρουσίαν
3758 3682 3832 3734 ἐκ

2243 3756 2447 3826 θηρίων
2485 3760 2759 3830 ἄνθρωποι
2801 3762 3088 3830 γεγόνασιν
3143 3764 3193 3815 οἰ
3233 3763 3329 3833 τὴν
3375 3765 3479 3834 γῆν
3521 3766 3830 3832 οἰκοῦντες,

2245 3851 2444 3918 μᾶλλον
2488 3837 2547 3905 δέ
2600 3852 2660 3916 ἐξ
2707 3853 3010 3922 ἀνθρώπων
3048 3853 3270 3921 ἄγγελοι
3308 3855 3540 3920 πάντες,
3594 3859 3644 3909 οἰ
3703 3859 3831 3928 μετ’

2241 3940 2499 4010 ἀληθείας
2527 3943 2676 4014 αὐτῷ
2725 3946 3100 4014 προσέχοντες.
3145 3944 3285 3997 Ἀλλ’
3330 3946 3691 4018 ἠπατήθησαν
3727 3950 3832 4004 καὶ

2244 4031 2716 4103 παρελογίσθησαν
2762 4034 2815 4086 οἰ
2849 4034 3157 4104 μάρτυρες,
3201 4034 3366 4104 φησὶ,
3409 4035 3506 4090 καὶ
3535 4034 3624 4090 διὰ
3660 4036 3832 4092 τοῦτο

2241 4121 2343 4192 τῆς
2369 4121 2644 4196 παρούσης
2672 4124 3083 4194 κατεφρόνησαν
3109 4123 3276 4194 ζωῆς.
3307 4120 3442 4179 Εἶτα
3469 4127 3520 4179 οἰ
3561 4127 3830 4198 πρότεροι

2242 4212 2367 4274 τοὺς
2395 4199 2678 4282 δευτέρους
2710 4212 2810 4264 οὐκ
2849 4213 3163 4275 ἀνέπεισαν,
3191 4213 3313 4266 οὐδέ
3342 4216 3389 4266 οἱ
3417 4214 3660 4287 δεύτεροι
3692 4210 3830 4282 τοὺς

2240 4291 2476 4371 τρίτους,
2509 4298 2625 4354 ἀλλ’
2663 4303 2773 4370 ὅσῳ
2803 4302 2994 4372 προῄει
3025 4303 3094 4354 τὰ
3123 4302 3230 4356 τῶν
3259 4304 3514 4374 διωγμῶν
3534 4345 3549 4368 ,
3579 4308 3830 4380 τοσούτῳ

2243 4393 2336 4445 καὶ
2361 4392 2516 4446 τοῦτο
2541 4394 2783 4447 ἐπεδίδου
2803 4395 2864 4446 τὺ
2889 4393 3241 4465 κατόρθωμα,
3259 4395 3352 4448 καὶ
3374 4397 3569 4461 οὐδεὶς,
3596 4399 3654 4450 ἐν
3675 4400 3830 4454 οὕτω

2243 4483 2440 4555 μακρῷ
2475 4485 2675 4562 χρόνῳ,
2707 4485 2806 4557 τὴν
2839 4485 3053 4562 ἀπάτην
3094 4486 3320 4540 συνεῖδε.
3347 4489 3457 4542 Καὶ
3499 4474 3602 4543 ποῦ
3641 4489 3827 4548 ταῦτα

2239 4572 2398 4641 λόγον
2423 4573 2488 4628 ἂν
2521 4575 2633 4644 ἔχοι

2310 4857 2374 4909 El
2406 4856 2465 4910 δὲ
2498 4857 2806 4928 ήπάτηντο,
2839 4857 2959 4921 πῶς
2990 4857 3092 4928 τὴν
3116 4859 3265 4913 κόνιν
3300 4861 3482 4917 αὐτῶν
3509 4863 3825 4924 δεδοίκασιν

2235 4948 2285 4999 οἰ
2317 4947 2601 5016 δαίμονες;
2635 4947 2752 5011 πῶς
2787 4949 2883 5001 καὶ
2918 4950 3044 5011 τοὺς
3084 4950 3290 5018 τάφους
3327 4953 3650 5022 φεύγουσιν;
3692 4959 3824 5014 οὐδὲ

2238 5037 2348 5108 γὰρ
2375 5038 2563 5109 ἐπειδὴ
2604 5039 2830 5108 νεκροὺς
2864 5039 3152 5107 φοϐοῦνται
3184 5040 3470 5113 δαίμονες,
3511 5045 3670 5100 τοῦτο
3709 5049 3825 5103 πά-

2235 5146 2478 5198 σχουσιν.
2515 5131 2643 5184 Ἰδοὺ
2681 5129 2789 5201 γάρ
2823 5130 3006 5201 μυρίοι
3034 5133 3217 5202 νεκροὶ
3242 5135 3520 5205 πανταχοῦ
3553 5140 3654 5208 τῆς
3686 5140 3815 5208 γῆς,

2233 5221 2507 5285 κάκείνοις
2533 5222 2635 5291 μὲν
2662 5221 3102 5293 προσεδρεύουσι,
3141 5226 3236 5278 καὶ
3263 5225 3488 5290 πολλοὺς
3513 5226 3581 5281 ἂν
3611 5229 3694 5300 ίδῃ
3730 5249 3820 5296 τις

2232 5311 2604 5381 δαιμονῶντας
2648 5315 2706 5365 ἐν
2745 5314 3005 5385 ἐρημίαις
3034 5316 3410 5388 διατρίϐονντς
3450 5321 3547 5372 καὶ
3582 5320 3815 5388 τάφοις’

2230 5398 2359 5454 ἔνθα
2391 5393 2454 5454 ’δὲ
2486 5404 2594 5456 τῶν
2628 5405 2920 5475 μαρτύρων
2954 5407 3089 5460 ὀστᾶ
3130 5406 3566 5479 κατορώρυκται,
3596 5410 3672 5468 ὡς
3701 5412 3817 5466 ἀπὸ

2233 5492 2407 5562 πυρός
2433 5511 2577 5558 τινος
2607 5495 2700 5547 καὶ
2737 5495 3010 5561 κολάσεως
3045 5499 3320 5568 ἀφορήτου
3365 5499 3662 5568 φεύγουσι,
3708 5505 3816 5574 τὴν

2230 5583 2379 5637 ἔνδον
2420 5585 2787 5664 μαστίζουσαν
2833 5589 3032 5653 αὐτοὺς
3081 5583 3318 5660 δύναμιν
3365 5592 3500 5657 μετὰ
3545 5592 3811 5664 λαμπρᾶς

2230 5667 2405 5747 ἀνακη
2415 5676 2696 5747 ρύττοντες
2726 5678 2930 5749 φωνῆς.
