4084 6502
229 378 342 436 685

227 512 351 553 mus
394 511 411 550 :
456 508 617 565 quam
666 496 739 552 oh
775 505 990 548 causam
1041 486 1317 548 nobiscum
1377 489 1517 545 ferre
1566 489 1825 560 quasdam

230 592 466 655 oportet,
488 581 742 654 quaedam
761 589 886 637 ante
904 593 1006 637 nos
1022 579 1147 635 illuc
1168 589 1544 634 transmittere.
1571 578 1666 633 Est
1681 578 1825 634 enim

227 682 313 730 via
344 689 581 745 prmsens
605 674 733 737 vita,
765 688 939 744 neque
967 671 1159 732 stabile
1183 671 1470 741 quidquam
1512 670 1694 734 habet,
1728 668 1825 725 sed

229 779 317 818 res
344 764 463 834 ejus
490 762 745 817 molestas
768 770 823 816 et
842 760 1105 832 jucundas
1138 759 1542 830 pertransimus.
1560 760 1731 828 Quam
1758 758 1828 814 ob

230 870 449 910 causam
479 853 620 908 hunc
647 868 757 923 pra:
781 852 991 908 casteris
1014 851 1263 906 omnibus
1279 850 1455 904 locum
1477 850 1660 920 diligo,
1684 848 1828 919 quod

234 962 343 1001 non
379 954 617 1013 tempore
644 944 882 998 collectae
920 943 1127 1007 solum,
1160 940 1254 995 sed
1282 951 1337 995 et
1366 941 1569 1010 absque
1607 940 1828 994 collecta

234 1036 340 1090 huc
366 1033 600 1089 venienti
630 1034 817 1088 horum
846 1032 979 1087 mihi
1008 1032 1292 1087 verborum
1323 1032 1580 1085 memoria
1609 1029 1831 1085 refrice-

234 1140 343 1191 tnr,
393 1125 521 1181 dum
569 1127 788 1181 semotis
824 1124 1037 1179 arbitris
1076 1123 1240 1177 multa
1280 1138 1403 1177 cum
1450 1120 1832 1191 tranquillitale

234 1216 424 1269 oculos
450 1229 600 1269 meos
641 1228 736 1283 per
770 1213 885 1267 haec
931 1213 1178 1281 sepulcra
1220 1211 1561 1275 circumfero,
1602 1226 1828 1281 quorum

235 1316 531 1375 conspectu
556 1305 766 1358 animus
805 1318 958 1359 meus
986 1303 1054 1358 ad
1092 1301 1374 1358 defunctos
1416 1312 1474 1358 et
1514 1302 1581 1372 ad
1619 1303 1832 1357 illorum

237 1406 437 1451 statum
465 1394 773 1449 traducitur.

310 1487 366 1543 2.
390 1489 673 1556 Propterea
688 1487 937 1540 nimirum
954 1494 1009 1540 et
1031 1500 1352 1555 generosum
1367 1485 1508 1539 hunc
1527 1492 1730 1554 patrem
1748 1483 1827 1554 (α)

241 1578 425 1643 laudo,
456 1577 600 1647 quod
642 1586 854 1645 arrepta
904 1590 1109 1630 serena:
1146 1574 1253 1629 dici
1302 1578 1583 1629 occasione
1609 1589 1707 1628 nos
1733 1574 1839 1628 huc

240 1671 507 1733 eduxerit,
544 1667 877 1736 przecedente
917 1682 1016 1721 nos
1044 1667 1291 1736 viamque
1316 1666 1477 1720 nobis
1507 1673 1839 1720 monstrante

242 1760 398 1814 beata
430 1757 687 1822 Droside,
721 1756 871 1824 cujus
918 1756 1230 1810 memoriam
1301 1755 1655 1811 celebramus.
1704 1753 1837 1809 Nam

243 1858 443 1918 pratter
466 1863 552 1914 ea,
595 1862 717 1917 quae
759 1846 897 1901 dicta
931 1853 1076 1911 sunt,
1126 1845 1383 1915 majorem
1412 1861 1480 1900 ex
1504 1845 1623 1899 loco
1652 1859 1842 1915 possu-

244 1954 368 1993 mus
397 1938 623 1992 frnctum
650 1937 955 2006 decerpere.
987 1933 1118 1989 Cum
1141 1934 1281 1991 enim
1303 1935 1421 1989 aliis
1444 1935 1675 2004 capsulis
1700 1949 1840 2004 prat-

245 2028 511 2083 termissis
556 2026 624 2082 ad
667 2037 960 2097 martyrum
1018 2026 1199 2080 thecas
1238 2026 1523 2091 venimus,
1562 2010 1842 2079 sublimius

246 2119 545 2175 efferuntur
596 2119 751 2172 nobis
800 2118 1005 2183 animi,
1058 2115 1247 2171 fortior
1293 2116 1353 2170 fit
1404 2118 1619 2182 anima,
1672 2115 1844 2186 major

248 2209 522 2273 alacritas,
559 2206 693 2261 ﬁdes
736 2206 1030 2261 ardentior.
1728 2214 1731 2219 '

321 2306 496 2359 Altera
539 2304 737 2358 occasio
768 2303 1067 2357 humilitatis
1113 2319 1177 2357 ea:
1218 2312 1421 2373 aspectu
1472 2302 1841 2371 Reliquiarum.

251 2394 509 2466 Martyres
546 2394 955 2449 resurrectionem
987 2390 1175 2445 Christi
1194 2392 1510 2462 probant.-~
1529 2392 1660 2445 Cum
1688 2390 1848 2462 igitur

249 2486 495 2552 labores,
548 2484 840 2540 certamina
864 2525 881 2551 ,
925 2483 1144 2553 praemia
1171 2524 1187 2549 ,
1220 2483 1428 2552 palmas
1448 2524 1463 2547 ,
1511 2497 1849 2552 coronasque

250 2584 559 2631 sattctorum
595 2576 816 2630 istorum
860 2574 1136 2628 nobiscum
1179 2582 1509 2642 repntamus,
1540 2573 1709 2627 altera
1746 2587 1847 2627 no-

250 2666 336 2721 bis
354 2666 670 2720 humilitatis
698 2666 912 2720 occasio
951 2678 1135 2718 rursus
1162 2664 1419 2718 occurrit.
1450 2662 1576 2719 Sive
1601 2666 1744 2722 enim
1774 2663 1843 2719 ab

255 2757 437 2826 aliquo
456 2756 713 2827 praeclara
743 2755 976 2809 facinora
1003 2756 1109 2808 sint
1128 2763 1357 2823 patrata,
1382 2754 1511 2808 nihil
1528 2769 1848 2824 semagnnm

251 2847 484 2916 gessisse
536 2845 900 2910 arbitrabitur,
951 2845 994 2897 si
1049 2858 1201 2898 suam
1254 2844 1503 2898 virtutem
1565 2859 1686 2898 eum
1732 2844 1851 2897 illo-

254 2951 376 2990 rum
424 2935 808 2991 certaminibus
832 2934 1224 3003 comparaverit
1255 2954 1265 2985 :
1299 2935 1414 2989 sive
1444 2933 1572 2987 nihil
1598 2948 1848 3004 magnum

252 3026 523 3082 bonumve
551 3025 880 3097 praestiterit,
932 3040 1266 3095 nequaquam
1293 3024 1362 3079 de
1387 3040 1485 3079 sua
1529 3024 1702 3079 salute
1747 3024 1846 3079 de-

253 3116 531 3186 sperabit,
577 3130 702 3172 cum
741 3131 771 3170 a
830 3115 1153 3170 fortitudinis
1183 3117 1405 3170 istorum
1454 3116 1702 3185 exemplo
1750 3115 1851 3170 sibi

254 3208 454 3263 sentiat
491 3206 915 3261 cohortationem
963 3206 1224 3272 adhiberi,
1256 3214 1313 3260 ut
1336 3206 1403 3260 ad
1427 3206 1657 3260 studium
1689 3206 1853 3261 virtu-

255 3299 325 3352 tis
347 3313 407 3353 se
436 3297 699 3363 traducat,
750 3312 1041 3367 secumque
1074 3299 1289 3367 cogitet,
1325 3297 1570 3352 accidere
1615 3297 1852 3368 aliquan-

254 3390 327 3445 do
348 3404 528 3459 posse,
580 3399 641 3443 ut
686 3400 741 3443 et
766 3390 879 3459 ipse
904 3388 1131 3444 fortasse
1184 3389 1281 3444 Dei
1323 3389 1649 3459 benignitate
1698 3389 1852 3459 adju-

257 3493 347 3537 tus
394 3482 526 3537 tales
552 3482 761 3551 aliquos
804 3482 972 3537 saltus
1007 3480 1151 3548 edat,
1179 3490 1234 3537 et
1273 3483 1329 3536 iu
1356 3481 1544 3536 caelum
1572 3482 1853 3537 confestim

259 3573 538 3639 ascendat,
578 3588 949 3642 summamque
987 3572 1127 3641 apud
1179 3572 1345 3627 Deum
1385 3573 1632 3629 fiduciam
1651 3582 1704 3627 et
1730 3588 1853 3643 gra-

258 3663 388 3718 tiam
429 3662 668 3718 obtineat
714 3678 729 3715 :
775 3677 838 3716 ac
880 3662 947 3716 de
988 3662 1077 3729 his
1120 3663 1344 3732 aliisque
1392 3665 1560 3719 multo
1617 3664 1857 3734 pluribus

256 3752 701 3823 philosophantes
732 3766 1017 3822 possumus
1048 3752 1169 3807 hinc
1211 3752 1509 3809 discedere.
1563 3754 1855 3823 Martyrum

257 3843 459 3912 quippe
496 3857 643 3897 mors
711 3842 949 3897 fidelium
995 3851 1081 3897 est
1125 3842 1463 3909 exhortatio,
1497 3844 1856 3899 Ecclesiarum

259 3931 478 3997 fiducia,
507 3929 897 3987 Christianismi
925 3931 1279 3998 confirmatio,
1314 3933 1503 3987 mortis
1541 3932 1856 3998 destructio,

260 4021 670 4075 resurrectionis
717 4021 1124 4085 demonstratio,
1169 4024 1471 4077 daemonum
1528 4021 1858 4090 ignominia,

259 4111 461 4167 diaboli
503 4113 792 4178 accusatio,
840 4112 1192 4182 philosophiae
1236 4113 1500 4178 doctrina,
1541 4112 1609 4166 ad
1639 4126 1727 4166 res
1751 4127 1860 4166 ste-

260 4200 367 4255 culi
422 4200 582 4269 hujus
610 4200 940 4270 spernendas
961 4200 1281 4266 adhortatio,
1336 4212 1391 4255 et
1443 4200 1507 4254 ad
1536 4199 1741 4253 futuras
1767 4200 1864 4255 de-

261 4289 579 4343 siderandas
600 4291 704 4356 via,
729 4290 977 4344 solatium
1001 4290 1055 4345 in
1092 4290 1267 4356 malis,
1296 4292 1489 4360 quibus
1525 4288 1857 4355 obsidemur,

260 4383 477 4438 occasio
530 4383 818 4456 patientiae,
846 4384 1070 4437 materia
1095 4382 1391 4438 tolerantiae
1409 4422 1425 4449 ,
1454 4382 1713 4437 bonorum
1741 4396 1863 4436 om-

260 4475 411 4527 nium
468 4472 649 4539 radix,
704 4470 825 4526 fons
876 4480 930 4526 et
982 4486 1224 4542 parens:
1263 4487 1325 4527 ac
1359 4472 1405 4527 si
1456 4472 1630 4542 placet
1668 4472 1861 4525 horum

261 4563 473 4632 singula
528 4561 1034 4627 demonstrabimus,
1084 4563 1468 4633 dicemusque,
1509 4578 1612 4633 qua
1657 4563 1864 4619 ratione

263 4653 502 4707 fidelium
531 4653 598 4706 sit
631 4653 950 4721 exhortatio,
1002 4653 1359 4708 Ecclesiarum
1401 4654 1614 4717 fiducia,
1640 4654 1865 4709 demon-

263 4746 454 4800 stratio
509 4745 936 4809 resurrectionis,
968 4756 1023 4799 et
1082 4746 1287 4815 reliqua
1336 4746 1537 4812 omnia,
1584 4760 1704 4814 quae
1722 4759 1864 4799 nunc

262 4836 402 4891 dixi.
456 4833 590 4890 Cum
641 4836 800 4905 igitur
868 4834 1099 4890 ineunda
1148 4844 1274 4890 sunt
1342 4836 1497 4890 nobis
1571 4834 1862 4889 certamina

263 4942 393 4983 cum
414 4927 700 4997 gentilibus
724 4941 787 4980 ac.
811 4926 878 4981 de
907 4926 1245 4996 dogmatibus
1273 4941 1484 4996 pugnae,
1518 4936 1865 4996 nostramque

266 5019 343 5073 illi
392 5017 549 5072 fidem
576 5029 848 5083 accusant,
894 5032 1015 5072 cum
1066 5018 1274 5071 caeteris
1304 5016 1406 5071 hoc
1435 5018 1594 5071 etiam
1640 5017 1744 5070 illis
1765 5016 1864 5070 ob—

263 5110 535 5182 jiciamus,
561 5116 874 5178 martyrum,
906 5108 1142 5177 inquam,
1170 5114 1419 5173 mortem,
1450 5098 1712 5175 dicentes,
1736 5107 1867 5175 Quis

270 5198 534 5268 persuasit
561 5198 696 5263 issis,
740 5208 803 5251 ut
847 5208 1167 5267 praesentem
1214 5200 1376 5253 vitam
1417 5197 1866 5253 contemnerent?

268 5287 403 5343 Nam
453 5289 500 5342 si
530 5298 774 5343 mortuus
811 5298 896 5344 est
930 5288 1211 5356 Christus,
1254 5306 1353 5344 nec
1403 5291 1713 5355 resurrexit,
1748 5290 1867 5359 quis

268 5380 389 5435 haec
442 5394 603 5449 supra
657 5390 899 5434 naturam
940 5380 1194 5450 pmzclara
1258 5380 1423 5451 gessit
1472 5381 1744 5437 facinora?
1798 5380 1867 5436 Ut

268 5472 414 5528 enim
454 5470 680 5541 probent
730 5469 979 5527 humanae
1023 5472 1231 5527 virtutis
1283 5473 1385 5528 hoc
1427 5488 1538 5528 non
1588 5488 1743 5539 esse,
1792 5481 1867 5528 tot

269 5564 512 5620 millibus
538 5578 569 5616 a
612 5572 722 5617 tam
756 5563 915 5634 longo
962 5574 1203 5634 tempore
1235 5581 1340 5619 non
1370 5565 1607 5620 virorum
1639 5574 1864 5631 tantum,

268 5656 362 5712 Sed
407 5665 462 5711 et
496 5656 798 5723 mulierum,
855 5668 908 5713 et
957 5659 1219 5728 virginum
1262 5660 1627 5730 innuptarum,
1656 5668 1711 5716 et
1740 5675 1868 5731 pue-

332 5772 406 5834 (α)
440 5779 513 5822 De
534 5772 758 5823 Flaviano
775 5772 987 5836 loquitur
1006 5774 1256 5837 EpisoOpo.

1429 376 1518 436 DE
1554 377 1614 435 S.
1659 376 1965 436 DROSIDE
1984 375 2344 433 MARTYRE.

1933 505 2119 547 rorum
2159 502 2443 559 parvorum
2490 486 2841 558 persuadere,
2897 497 2956 543 ut
2992 488 3155 544 vitam
3208 499 3528 563 praesentem

1934 582 2227 653 negligant,
2277 588 2335 636 et
2384 579 2639 635 audacter
2689 593 2750 641 se
2796 577 3303 644 bestiisofTerant,
3354 580 3531 649 ignem

1933 681 2310 744 aspernentur,
2339 686 2500 727 omne
2558 685 2838 741 poenarum
2868 685 2931 726 ac
2953 670 3336 740 suppliciorum
3361 685 3533 741 genus

1934 765 2252 836 despiciant,
2307 773 2467 833 atque
2516 760 2582 817 ad
2623 762 2869 816 futuram
2887 762 3052 815 vitam
3094 761 3369 825 festinent,
3401 760 3535 814 nihil

1934 854 2263 925 argumentis
2311 853 2510 908 nostris
2557 851 2892 922 indigebunt,
2924 850 3020 906 sed
3050 851 3257 921 seipsos
3301 852 3538 904 interro-

1934 945 2154 1016 gabant,
2203 953 2259 998 et
2301 943 2655 998 sufficientem
2704 958 2769 998 ex
2818 942 2884 996 iis
2931 956 3053 1013 qua:
3080 942 3223 996 dicta
3268 951 3394 996 sunt
3440 940 3539 995 de-

1938 1037 2378 1093 monstrationem
2411 1028 2707 1090 assninent.
2730 1034 2863 1089 Nam
2888 1048 2955 1089 ex
2970 1049 3077 1105 quo
3109 1044 3348 1103 tempore
3374 1031 3535 1088 Chri-

1938 1134 2053 1181 stus
2073 1126 2309 1191 advenit,
2342 1124 2586 1180 infideles
2631 1126 2850 1179 fuerunt
2905 1124 3275 1194 Imperatores,
3322 1123 3539 1179 fuerunt

1939 1226 1992 1272 et
2038 1214 2244 1281 fideles,
2294 1217 2387 1271 sed
2439 1215 2686 1271 infideles
2738 1215 2980 1286 plerique
3022 1216 3090 1271 ad
3142 1217 3434 1279 barathra,
3483 1224 3541 1269 et

1940 1321 2121 1377 rogos,
2172 1316 2227 1361 et
2264 1315 2532 1377 praerupta
2560 1307 2697 1368 loca,
2728 1306 2981 1362 etmaria
3006 1347 3023 1374 ,
3051 1316 3106 1362 et
3133 1308 3423 1363 bestiarum
3453 1307 3538 1361 fn-

1939 1410 2139 1462 rorem,
2182 1410 2245 1450 ac
2289 1396 2433 1449 varia
2479 1395 2863 1465 suppliciorum
2909 1407 2963 1451 et
3006 1411 3285 1466 pinnarum
3341 1410 3540 1467 genera

1942 1484 2126 1539 fideles
2167 1483 2520 1548 abducebanl,
2564 1492 2620 1539 et
2671 1485 2920 1551 omnibus
2942 1484 3119 1539 modis
3163 1483 3322 1546 fidem
3371 1500 3439 1540 ex
3474 1485 3541 1538 il-

1944 1574 2116 1628 lorum
2161 1574 2354 1627 animis
2389 1573 2620 1629 evellere
2664 1576 3017 1639 conabantur,
3073 1584 3127 1629 et
3174 1576 3304 1629 nihil
3360 1574 3540 1644 perfe-

1943 1672 2165 1729 cerunt,
2221 1665 2319 1719 sed
2372 1666 2513 1722 irrisi
2564 1666 2843 1733 abierunt,
2906 1666 3034 1721 dum
3092 1666 3278 1725 fideles
3326 1667 3546 1737 quidem

1944 1755 2198 1809 omnibus
2228 1754 2401 1809 modis
2438 1766 2780 1821 vexarentur,
2821 1763 2878 1808 at
2919 1754 3055 1810 fides
3082 1757 3312 1827 amplius
3336 1770 3547 1814 cresce-

1945 1854 2049 1900 ret.
2102 1844 2290 1900 Nullus
2340 1854 2519 1900 autem
2563 1861 2635 1900 ex
2677 1846 2778 1914 piis
2833 1845 3249 1915 fmperatoribus
3294 1862 3546 1916 umquam

1944 1937 2206 1992 adductus
2254 1948 2357 2006 est,
2389 1948 2447 1991 ut
2493 1938 2665 1991 virum
2711 1936 2981 1992 infidelem
3014 1948 3303 2007 torqueret,
3334 1953 3397 1993 ac
3417 1954 3548 2008 sup-

1946 2026 2119 2095 pliciis
2155 2038 2371 2097 cogeret
2415 2028 2482 2082 ab
2520 2041 2705 2081 errore
2731 2026 3030 2083 discedere.
3084 2027 3445 2082 Nihilominus
3471 2037 3550 2081 ta-

1947 2131 2069 2171 men
2098 2126 2287 2187 sponte
2314 2115 2506 2170 difflult
2533 2132 2597 2171 ac
2622 2117 2778 2185 perit,
2804 2127 2860 2170 ut
2904 2118 3145 2172 veritatis
3188 2118 3353 2171 robur
3380 2131 3549 2186 agno-

1948 2221 2091 2273 scas,
2143 2217 2198 2261 et
2247 2206 2511 2261 mendacii
2560 2194 3004 2274 imbecillitatem,
3059 2222 3182 2262 cum
3230 2206 3333 2267 hoc
3359 2218 3553 2277 sponte

1949 2313 2014 2353 ac
2058 2298 2207 2353 nullo
2250 2299 2539 2353 insultante
2583 2308 2787 2368 pereat,
2844 2298 2960 2354 haec
3003 2308 3182 2354 autem
3236 2315 3335 2369 per
3362 2313 3478 2364 eos,
3521 2313 3553 2352 a

1950 2388 2141 2458 quibus
2188 2388 2510 2459 impeditur,
2558 2398 2854 2459 augeatur,
2904 2400 3067 2459 atque
3122 2390 3176 2444 in
3232 2391 3552 2445 immensam

1950 2478 2335 2535 sublimitatem
2386 2481 2685 2534 attollatur.
2732 2480 2901 2549 llujus
2926 2490 3104 2536 autem
3151 2481 3233 2536 rei
3261 2495 3421 2535 causa
3448 2492 3553 2545 est,

1954 2570 2097 2640 quod
2142 2571 2287 2625 vivat
2330 2569 2595 2637 Christus,
2628 2580 2683 2626 et
2708 2572 2759 2625 in
2788 2574 3082 2642 martyrum
3113 2572 3395 2627 animabus
3418 2586 3552 2639 ope-

1951 2671 2121 2715 retur.
2163 2660 2220 2715 Si
2248 2661 2460 2730 quando
2486 2662 2647 2731 igitur
2694 2662 2947 2728 dixerint,
2980 2663 3152 2732 ipsum
3206 2664 3427 2718 minim‘e
3467 2680 3555 2717 re-

1953 2750 2274 2816 surrexisse,
2336 2753 2451 2807 lucc
2491 2767 2556 2806 ex
2601 2753 2708 2806 illis
2759 2754 3124 2817 sciscitemur,
3179 2754 3248 2807 Et
3304 2753 3424 2823 quis
3454 2754 3553 2808 ista

1953 2841 2273 2911 perfecerit?
2300 2857 2426 2896 num
2478 2858 2662 2912 qumso
2689 2853 2939 2898 mortuus
2974 2845 3205 2911 aliquis?
3251 2845 3411 2914 Atqui
3449 2854 3554 2897 tam

1954 2936 2105 2989 multi
2136 2934 2287 2989 fuere
2328 2936 2545 3001 mortui,
2576 2950 2676 2989 nec
2706 2935 2845 2989 ullus
2874 2936 2997 2988 talia
3030 2935 3296 3005 prmstitit.
3328 2936 3554 2990 Atenim

1954 3041 2143 3096 magus
2192 3034 2248 3081 et
2294 3025 2653 3095 prtesﬁgiator
2705 3026 2858 3079 erat?
2908 3025 3069 3094 Atqui
3124 3024 3276 3079 multi
3320 3026 3456 3094 magi
3500 3034 3558 3079 et

1956 3116 2375 3185 praestigiatores
2422 3113 2660 3181 fuerunt,
2692 3124 2747 3169 et
2796 3130 2987 3169 omnes
3014 3116 3228 3170 silentio
3278 3115 3559 3169 involvun-

1956 3218 2064 3276 tur,
2090 3224 2189 3264 nec
2231 3209 2356 3263 ullae
2410 3209 2647 3278 ipsorum
2688 3208 2894 3277 uspiam
2937 3208 3175 3278 reliquia:
3204 3219 3429 3276 restant,
3461 3208 3557 3263 sed

1958 3314 2063 3353 una
2088 3313 2210 3352 cum
2240 3299 2480 3367 ipsorum
2507 3297 2613 3352 vita
2645 3297 2855 3351 illorum
2893 3312 3105 3368 quoque
3124 3298 3408 3368 praestigiae
3433 3309 3561 3354 sunt

1956 3390 2280 3443 exstinctae:
2310 3386 2508 3444 Christi
2560 3401 2688 3442 vero
2727 3386 2917 3457 religio
2960 3387 3183 3457 singulis
3230 3387 3419 3442 diebus
3457 3402 3561 3441 au-

1956 3488 2131 3548 getur,
2177 3492 2240 3532 ac
2307 3478 2499 3532 merito
2548 3491 2698 3531 sane.
2750 3476 2865 3531 Non
2908 3477 3051 3530 enim
3104 3477 3323 3547 magicis
3347 3478 3556 3531 artibus

1959 3569 2177 3636 fiebant,
2232 3567 2329 3624 sed
2356 3569 2555 3623 virtute
2592 3567 2795 3634 divina,
2824 3583 2943 3635 quae
2970 3568 3313 3638 gerebantur,
3338 3568 3562 3638 ideoque

1959 3677 2065 3716 non
2091 3669 2330 3731 pereunt.
2362 3660 2475 3716 lmo
2499 3676 2629 3715 vero
2658 3675 2763 3715 non
2791 3676 2855 3715 ex
2883 3660 2986 3713 hoc
3014 3669 3216 3713 tantum
3246 3670 3560 3730 argumenta

1960 3752 2099 3806 duco
2141 3751 2395 3821 potentiae
2439 3750 2587 3818 ejus,
2636 3750 2777 3821 quod
2817 3760 3113 3820 augeatur,
3164 3750 3261 3803 sed
3306 3751 3461 3819 quod
3506 3750 3558 3804 in

1963 3843 2160 3898 bonum
2198 3852 2253 3898 et
2295 3842 2361 3896 ad
2402 3830 2629 3897 salutem
2668 3843 2793 3896 vit:e
2838 3852 3081 3897 nostrae:
3127 3840 3393 3910 siquidem
3444 3852 3564 3911 post

1960 3934 2078 4003 ejus
2121 3933 2410 3987 adventum
2457 3948 2524 3987 ex
2575 3932 2769 3987 helluis
2801 3930 3046 3987 homines
3086 3931 3210 3986 facti
3235 3941 3362 3984 sunt
3402 3942 3566 3986 terra-

1934 4038 2082 4102 rum
2118 4023 2327 4088 incolae,
2384 4022 2470 4077 vel
2508 4023 2685 4091 potius
2711 4038 2777 4076 ex
2806 4021 3113 4076 hominibus
3143 4020 3338 4090 angeli,
3375 4035 3567 4076 omnes

1964 4115 2053 4184 qui
2100 4128 2221 4168 cum
2264 4114 2487 4171 veritate
2545 4112 2619 4167 illi
2658 4106 3019 4166 adhaeserunt.
3081 4112 3152 4165 At
3189 4109 3397 4180 decepti
3440 4120 3567 4165 sunt

1966 4215 2020 4259 et
2070 4204 2273 4259 seducti
2322 4208 2623 4274 martyres,
2680 4203 2890 4273 inquit,
2933 4209 3097 4269 atque
3151 4200 3352 4255 idcirco
3400 4202 3564 4255 vitam

1966 4306 2285 4366 praisentem
2317 4296 2688 4365 neglexerunt.
2723 4294 2927 4349 Deinde
2960 4294 3169 4364 priores
3198 4308 3304 4348 non
3344 4308 3565 4363 persua-

1966 4398 2152 4444 serunt
2191 4388 2462 4453 secundis,
2494 4403 2673 4462 neque
2698 4386 2920 4442 secundi
2976 4386 3168 4452 tertiis,
3223 4385 3318 4440 sed
3359 4395 3564 4456 quanto

1970 4482 2139 4551 magis
2176 4480 2652 4551 progrediebantur
2694 4480 3172 4550 persequutiones,
3218 4486 3365 4532 tanto
3403 4478 3565 4532 etiam

1967 4575 2170 4643 majora
2193 4574 2503 4643 praeclarum
2533 4571 2662 4627 illud
2692 4571 2898 4626 facinus
2916 4572 3249 4626 incrementa
3274 4569 3523 4639 capiebat
3547 4588 3559 4624 :

1970 4679 2070 4719 nec
2110 4664 2248 4716 ullus
2280 4672 2426 4715 tanto
2460 4670 2704 4729 tempore
2731 4660 2973 4715 fraudem
3005 4660 3240 4731 agnovit.
3290 4658 3420 4726 Quis
3452 4659 3568 4714 haec

1968 4756 2160 4811 rationi
2188 4750 2542 4809 consentanea
2571 4754 2773 4821 judicet
2796 4753 2819 4807 ?

2044 4847 2350 4903 Sanctorum
2381 4845 2629 4916 Reliquiw
2648 4845 2887 4897 timentur
2912 4860 2945 4896 a
2971 4841 3378 4897 dmonibus.—
3411 4839 3564 4909 Quod

1970 4940 2016 4995 si
2058 4939 2267 5008 decepti
2321 4945 2467 5002 sunt,
2526 4938 2615 5006 qui
2647 4936 2724 5001 fit,
2753 4946 2811 4990 ut
2852 4950 3037 4990 eorum
3069 4936 3342 5004 pulverem
3368 4933 3571 4988 dazmo-

1973 5044 2069 5083 nes
2100 5022 2512 5099 pertimesCant?
2563 5026 2653 5096 qui
2688 5026 2765 5094 fit,
2811 5036 2868 5078 ut
2912 5040 3100 5079 eorum
3144 5024 3306 5079 etiam
3338 5024 3570 5077 tumulos

1972 5120 2211 5191 fugiant?
2261 5134 2433 5193 neque
2471 5118 2615 5173 enim
2652 5116 2703 5170 id
2749 5117 2827 5170 eis
2874 5115 3089 5182 accidit,
3146 5114 3287 5184 quod
3330 5124 3572 5168 mortuos

1972 5214 2247 5269 daemones
2290 5211 2659 5267 reformident.
2718 5208 2857 5263 Ecce
2910 5222 3140 5276 namque
3186 5208 3381 5259 mortui
3446 5216 3572 5258 sunt

1974 5307 2170 5376 ubique
2219 5316 2478 5359 terrarum
2527 5301 2816 5363 innumeri,
2857 5300 2905 5353 ei
2939 5298 3042 5352 illis
3066 5296 3323 5362 assident,
3348 5310 3411 5349 ac
3437 5295 3574 5348 mul-

1974 5407 2059 5452 tos
2103 5396 2286 5450 videre
2326 5407 2611 5464 possumus
2652 5404 2683 5445 a
2736 5391 2982 5444 dmmone
3035 5395 3347 5455 correptos,
3375 5383 3467 5453 qui
3520 5385 3571 5437 in

1974 5488 2205 5543 desertis
2255 5503 2317 5541 ac
2355 5484 2615 5555 sepulcris
2658 5482 2858 5551 degunt
2899 5500 2912 5533 :
2965 5477 3054 5532 ubi
3108 5490 3238 5531 vero
3279 5486 3573 5542 martyrum

1975 5581 2185 5635 defossa
2206 5588 2329 5633 sunt
2344 5592 2485 5638 ossa,
2503 5575 2627 5630 inde
2650 5584 2917 5643 tamquam
2940 5570 3009 5625 ab
3031 5569 3152 5639 igne
3171 5565 3401 5635 quodam
3419 5575 3472 5618 et
3494 5565 3574 5618 in-

1976 5670 2257 5727 tolerando
2282 5669 2541 5738 supplicio
2581 5665 2847 5729 resiliunt,
2881 5676 2943 5715 ac
2969 5661 3219 5715 virtutem
3258 5657 3403 5728 ipsos
3431 5655 3572 5710 intus

1977 5764 2328 5836 flagellantem
2378 5762 2521 5817 clara
2556 5772 2688 5815 voce
2733 5755 3024 5826 divulgant.
