4084 6430
533 347 635 403 G87

607 455 664 512 '5.
705 455 876 518 Atque
901 445 1026 499 ltlne
1044 440 1258 512 quidem
1288 447 1558 492 eatensum
1585 441 1687 497 est,
1718 429 1965 483 indicium
1993 438 2113 479 esse

541 545 841 600 daemonum
903 533 1226 588 inﬁrmitatis
1274 537 1501 580 mortem
1553 530 1841 592 martyrum
1889 531 1904 570 :
1956 529 2119 585 porro

543 642 814 700 stuporem
859 639 925 679 ac
954 619 1298 694 pervicaciam
1337 616 1549 670 illorum
1573 613 1670 664 hac
1695 608 1881 663 eadem
1907 620 1966 659 re
2005 619 2122 656 ma-

545 696 685 776 xime
716 716 937 774 revinei.
983 711 1106 767 inde
1151 705 1438 762 constabit.
1469 703 1601 756 Cum
1623 700 1762 756 enim
1795 696 1901 761 isti,
1935 706 2124 760 nempe

548 818 844 881 martyres,
893 780 1102 872 corpori
1141 814 1206 854 ac
1254 794 1582 852 naturalibus
1629 787 1842 842 obnoxii
1896 782 2127 881 necessi-

549 869 741 956 tatibus
787 869 943 966 alque
989 869 1184 964 ingenti
1215 888 1456 942 dolorum
1505 897 1568 935 ac
1601 876 1960 932 molestiarum
1991 869 2127 924 mul-

550 989 772 1045 titudine
815 962 1153 1040 ci—rcumsesﬁ
1204 977 1456 1032 caducam
1513 973 1675 1025 vitam
1725 975 1957 1036 agentes,
1988 973 2044 1016 et
2074 962 2126 1014 in

552 1081 708 1136 terris
755 1078 1041 1145 degentes,
1089 1074 1157 1126 ita
1211 1077 1525 1139 praesentem
1563 1063 1724 1116 vitam
1760 1069 2010 1126 spernere
2054 1054 2132 1104 vi-

553 1172 796 1233 deantur,
837 1177 1055 1237 propter
1093 1177 1240 1216 suam
1273 1160 1324 1213 in
1369 1160 1553 1218 Deum,
1584 1170 1612 1207 a
1639 1168 1744 1223 quo
1791 1148 1952 1204 creati
1986 1153 2128 1204 sunt.

557 1233 863 1320 caritatem;
899 1254 973 1308 illi
1021 1267 1149 1305 vero
1188 1259 1243 1302 et
1283 1248 1458 1310 carnis
1493 1255 1746 1312 expertes
1769 1280 1784 1303 ,
1815 1237 1962 1293 etab
1987 1233 2130 1288 omni

558 1348 658 1402 hoc
697 1347 882 1400 dolore
909 1344 1253 1408 molestiaque
1302 1340 1595 1402 immunes,
1651 1334 1720 1386 ita
1768 1326 2133 1384 contumeliosi

557 1438 722 1490 fuisse
756 1447 914 1503 atque
957 1437 1008 1485 itt
1040 1446 1191 1484 suum
1244 1426 1632 1482 benefactorem
1676 1423 1863 1490 ingrati
1907 1434 2134 1473 cernan-

562 1537 646 1579 tur
679 1543 692 1579 :
723 1539 878 1591 quam
909 1521 1306 1576 excusatimtent
1358 1515 1660 1570 habebunt?
1688 1526 1843 1579 quam
1889 1508 2136 1562 veniam?

557 1614 764 1668 Nullam
806 1611 975 1678 plane.
1005 1623 1122 1662 cum
1154 1609 1374 1660 istorum
1407 1607 1572 1657 virtus
1615 1602 1821 1654 illorunt
1853 1596 2136 1665 nequitiam

561 1714 897 1766 summopere
942 1699 1274 1750 condemnet.
1320 1695 1432 1748 Non
1464 1693 1603 1747 enim
1653 1690 1894 1743 homines
1938 1698 2136 1740 tantum

563 1791 803 1843 homines
828 1829 843 1852 ,
890 1796 943 1841 et
984 1787 1070 1854 qui
1113 1785 1476 1853 diligentiores
1514 1790 1636 1833 sunt
1661 1819 1676 1843 ,
1733 1778 2139 1845 negligentiores

561 1880 936 1940 condemnant,
967 1874 1058 1928 sed
1083 1875 1240 1927 etiam
1273 1872 1415 1940 ipsos
1434 1870 1701 1923 du'ntones
1722 1865 1984 1935 dligeutia
2010 1863 2141 1915 isto-

565 1973 680 2021 rum
729 1967 961 2021 damnat.
1035 1971 1206 2033 Atque
1254 1965 1354 2018 hoc
1405 1961 1705 2015 declarabat
1753 1959 1967 2018 Paulus,
2017 1969 2137 2007 cum

562 2057 762 2110 diceret
794 2074 806 2107 :
843 2055 1058 2107 Nescitis
1083 2054 1318 2120 quoniam
1344 2052 1546 2119 angelos
1569 2047 1908 2104 iudicabimus
1931 2045 1953 2097 Ζ)
1983 2060 2143 2111 quan-

565 2160 615 2200 to
655 2149 812 2216 magis
835 2147 1097 2199 swculariu
1123 2147 1169 2213 (Ι
1204 2143 1321 2198 Cor.
1353 2142 1405 2196 6.
1430 2142 1526 2210 '5)?
1564 2141 1763 2206 Quibus
1783 2139 1956 2191 vt-rbis
1983 2149 2143 2203 ange~

566 2236 647 2290 los
693 2236 884 2290 diaboli
939 2235 1200 2303 signiﬁeat
1250 2235 1571 2287 desertores.
1625 2233 1688 2284 Et
1734 2230 2000 2296 quomodo
2026 2227 2142 2279 illos

567 2325 951 2394 iudicabimus?
981 2335 1182 2391 quzeret
1224 2323 1430 2391 aliquis.
1459 2321 1571 2374 Non
1613 2320 1823 2389 quidem
1876 2319 2142 2380 sudentes,

568 2424 624 2468 et
666 2413 920 2466 rationein
966 2414 1032 2464 ah
1061 2415 1138 2466 eis
1182 2414 1475 2480 exigentes,
1521 2412 1612 2464 sed
1657 2411 1923 2478 diligentia
1967 2417 2142 2462 nostra

570 2501 779 2556 illorum
843 2503 1138 2556 socordiam
1197 2502 1635 2556 eondemnantes.
1675 2499 1826 2567 Quod
1861 2498 2146 2567 quidemet

570 2593 684 2659 ipse
725 2591 967 2646 indieans
995 2591 1202 2644 dicebat
1232 2609 1245 2644 :
1270 2589 1337 2643 Et
1373 2591 1416 2644 si
1462 2592 1512 2642 t'tt
1544 2591 1676 2643 vobis
1708 2591 1970 2659 judicatur
2003 2609 2146 2644 mun-

571 2683 666 2731 dus
697 2677 837 2747 (Ibid
887 2694 936 2730 υ.
968 2678 1046 2747 2).
1079 2679 1192 2732 Non
1220 2679 1352 2732 dixit
1385 2693 1562 2732 coram
1595 2680 1765 2743 vobis,
1794 2679 1884 2732 sed
1915 2694 2008 2747 per
2033 2695 2146 2734 vos.

574 2770 1024 2834 Quemadmodum
1048 2785 1166 2824 cum
1209 2771 1355 2834 dicit,
1397 2769 1503 2822 Viri
1554 2770 1793 2824 Ninivitte
1823 2781 2069 2839 surgent,
2092 2781 2147 2825 et

570 2860 996 2914 condemnabunt
1015 2861 1408 2929 generationem
1441 2861 1590 2913 istam
1619 2860 1766 2932 (Luc.
1793 2861 1879 2916 11.
1907 2861 2019 2930 52),
2041 2879 2144 2916 non

577 2956 678 3004 hoc
727 2951 936 3011 dicitur,
990 2952 1139 3020 quasi
1193 2951 1434 3005 Ninivita:
1483 2953 1740 3006 rationein
1770 2952 2146 3022 exigantaln-

568 3040 724 3106 diuis,
770 3042 857 3106 qui
911 3051 1019 3093 tum
1063 3041 1317 3095 increduli
1373 3042 1602 3105 fuerunt,
1631 3043 1724 3096 sed
1751 3043 1889 3110 quod
1934 3044 2000 3099 ab
2026 3044 2146 3097 illo-

576 3145 694 3182 rum
740 3130 842 3184 ftde
880 3129 1098 3184 istorum
1141 3131 1480 3184 incredulitas
1526 3132 1932 3186 condemnetur.
1958 3133 2145 3188 Possu-

573 3233 690 3272 mus
709 3219 867 3272 ctiam
911 3235 1014 3272 non
1057 3221 1436 3274 mediocritera
1466 3222 1781 3291 martyribus
1807 3223 1872 3277 ad
1899 3223 2145 3278 virtutem

568 3323 632 3361 ac
663 3324 838 3362 rerum
868 3309 1024 3379 hujus
1065 3311 1244 3365 saeculi
1274 3319 1631 3380 contemptum
1654 3313 2031 3381 anquirendum
2054 3314 2150 3367 ad-

573 3399 764 3466 juvari.
797 3398 924 3452 Nam
954 3415 1075 3454 cum
1119 3401 1247 3453 istos
1272 3400 1468 3454 videris
1509 3403 1668 3454 vitam
1693 3417 1904 3456 omnem
1962 3419 2148 3473 asper-

577 3493 712 3552 nari,
742 3491 985 3557 quamvis
1029 3490 1264 3544 omnium
1330 3492 1405 3545 sis’
1452 3493 1844 3561 stupidissimus
1887 3509 1951 3548 ac
1984 3497 2149 3565 negli-

573 3579 930 3646 gentissiutus,
986 3579 1215 3647 majores
1253 3579 1459 3634 animos
1487 3583 1774 3650 concipies,
1819 3598 1882 3637 ac
1916 3575 2150 3640 delicias

572 3680 902 3734 contemues,
956 3672 1228 3739 pecuniam
1279 3672 1560 3741 despicies,
1586 3685 1640 3728 et
1685 3675 1735 3728 in
1776 3677 1922 3729 (velis
1946 3679 2144 3732 versari

575 3760 942 3826 concupisces.
999 3759 1152 3826 Quod
1191 3762 1235 3815 si
1263 3759 1449 3816 morbo
1475 3763 1548 3817 sis
1572 3765 1837 3830 detentus,
1866 3768 2145 3820 maximam

574 3848 665 3900 tibi
704 3849 968 3916 patientiae
996 3850 1328 3905 occasionem
1361 3833 1670 3920 pra'bebun't
1700 3865 1987 3924 martyrum
2032 3873 2149 3925 pas-

569 3940 753 3994 siones
795 3958 807 3992 :
852 3939 993 4008 quod
1058 3940 1103 3994 si
1158 3952 1464 4012 paupertate
1515 3946 1807 4011 premaris,
1860 3947 1971 4001 sive
2031 3947 2148 4003 aliis

569 4029 846 4098 quibusvis
883 4032 1136 4085 utrumuis
1177 4034 1403 4096 rexeris,
1453 4017 1662 4101 quOties
1687 4037 1870 4088 oculos
1915 4037 1979 4089 ad
2001 4050 2150 4091 acer-

571 4117 790 4172 bitatem
820 4128 1225 4185 tormentorum,
1248 4137 1366 4191 quas
1387 4123 1460 4176 illi
1486 4125 1784 4179 sustinuere
1801 4165 1815 4188 ,
1845 4137 2146 4192 convertes,

570 4209 926 4264 sufficientem
971 4211 1230 4266 malorum
1254 4199 1512 4278 omnium,
1539 4215 1960 4286 quibuscumque
1986 4233 2148 4272 vexe-

574 4298 668 4362 ris,
689 4300 1104 4356 consolationem
1129 4301 1407 4371 percipies.
1436 4302 1723 4372 Propterea
1753 4305 1985 4359 maxime
2010 4322 2153 4361 com-

575 4387 989 4441 tnemorationes
1031 4389 1191 4460 diligo
1217 4400 1544 4461 martyrum,
1573 4391 1734 4462 diligo
1754 4402 1808 4446 et
1835 4394 2148 4462 amplector,

575 4487 735 4547 atque
759 4493 944 4534 omnes
972 4482 1204 4549 quidem,
1237 4483 1330 4537 sed
1355 4492 1462 4537 tum
1496 4485 1781 4553 principes,
1813 4501 1932 4540 cum
1963 4489 2150 4543 mulie-

577 4583 695 4621 rum
722 4573 1011 4625 certamina
1053 4585 1436 4642 proponuntur.
1470 4575 1678 4643 Quanto
1722 4580 1862 4632 enim
1894 4578 2152 4635 infirmius

573 4668 658 4711 est
687 4675 777 4712 vas
799 4661 847 4729 (Ι
875 4661 991 4716 Pet.
1016 4665 1067 4717 ὅ.
1093 4664 1148 4735 7)
1173 4707 1188 4727 .
1240 4674 1386 4720 tanto
1429 4666 1598 4735 major
1642 4678 1723 4722 est
1774 4672 1939 4738 gratia
1960 4714 1975 4734 ,
2006 4679 2152 4726 tanto

576 4748 831 4805 illustrius
861 4762 943 4807 est
989 4761 1266 4824 trepzeum,
1301 4764 1445 4810 tanto
1481 4758 1738 4827 insignior
1783 4758 2019 4827 victoria,
2045 4778 2149 4815 non

574 4839 649 4893 ob
695 4840 1106 4898 imbecillitatem
1160 4859 1324 4900 sexus
1368 4847 1708 4911 athletarum,
1736 4849 1830 4902 sed
1870 4851 2008 4919 quod
2054 4866 2150 4920 per

572 4942 636 4981 ea
662 4974 676 4991 ,
705 4931 893 4994 quibus
940 4934 1140 4989 vicerat
1178 4935 1456 5003 inimicus,
1505 4951 1646 4992 nunc
1697 4939 1854 4991 etiam
1887 4942 2146 4996 vincatur.

577 5017 679 5072 Per
727 5020 977 5090 virginem
1018 5026 1145 5078 olim
1175 5007 1434 5080 Adambm
1471 5027 1715 5081 diabolus
1739 5029 2026 5098 interemit,
2057 5048 2151 5101 per

578 5110 833 5178 virginem
856 5114 1047 5169 deinde
1067 5116 1309 5172 Gbristus
1349 5118 1616 5171 diabolum
1647 5124 1913 5188 superavit
1939 5141 1952 5175 :
1983 5135 2034 5176 et
2063 5126 2149 5179 ille

576 5199 801 5266 gladius,
855 5214 1010 5272 quem
1034 5206 1146 5273 ipse
1187 5206 1237 5258 in
1269 5221 1366 5261 nos
1395 5219 1698 5274 exacuerat,
1723 5213 2150 5278 caput~draconis

575 5292 886 5356 amputavit,
931 5294 1070 5362 quod
1117 5294 1173 5348 in
1218 5296 1426 5350 Davidis
1467 5313 1677 5367 quoque
1730 5299 1904 5354 dttello
1929 5306 2149 5375 contigit

575 5376 652 5444 (t.
685 5377 807 5448 Reg.
843 5380 958 5449 l7).
1007 5382 1139 5436 Nam
1195 5387 1639 5454 quemadmodum
1701 5388 1946 5445 Coliathi.
1991 5408 2149 5465 caput

574 5479 707 5519 ense
757 5470 1032 5526 barbarico
1071 5473 1246 5541 justus
1270 5475 1356 5529 ille
1394 5491 1612 5532 currens
1629 5479 1876 5544 abscidit,
1909 5484 1976 5537 ita
2008 5500 2150 5540 nunc

575 5567 734 5610 etiam
786 5561 882 5614 ﬁt:
932 5578 1026 5631 per
1069 5566 1340 5622 mulierem
1379 5569 1522 5636 vicit,
1557 5587 1659 5639 per
1699 5574 1971 5628 mulierem
1994 5593 2148 5647 supe-

577 5658 727 5705 ratus
756 5662 856 5706 est.
908 5653 1016 5710 lloc
1062 5657 1201 5714 illius
1225 5671 1381 5716 antea
1432 5664 1591 5719 telum
1643 5675 1799 5734 erat,
1857 5667 1955 5722 hoc
2004 5671 2144 5725 illius

1275 331 1330 385 S.
1370 326 1641 384 JOANNIS
1675 312 2135 380 CllRYSOSTOMl
2176 310 2489 366 AthlllEP.
2532 302 3060 363 CONSTANTINOP.

3712 294 3820 350 858

2225 437 2366 476 nunc
2393 421 2554 476 emdis
2597 420 2790 473 factum
2831 425 2914 471 est
2938 417 3366 476 instrumentum,
3394 411 3493 465 hoc
3525 424 3620 473 vas
3649 424 3818 478 appa-

2225 512 2329 565 ruit
2381 508 2756 580 iusnperabile.
2789 506 3036 561 Peccavit
3077 505 3162 558 illa
3191 504 3353 573 prior,
3385 511 3438 558 et
3463 509 3678 554 mortua
3704 509 3821 562 est;

2226 603 2323 655 ista
2370 610 2578 672 mortua
2631 607 2734 658 est.
2788 613 2858 652 ne
2901 603 3147 665 peccaret
3179 594 3305 648 :illa
3363 600 3474 646 tum
3503 589 3673 644 futilis
3699 604 3826 656 proo

2229 690 2376 744 missi
2421 706 2518 760 spe
2565 688 2742 742 inﬂata
2771 687 2860 741 Dei
2887 688 3034 754 leges
3063 685 3296 747 violavit,
3326 682 3440 736 hate
3482 681 3646 732 vitam
3685 692 3830 746 pra:-

2228 789 2434 852 sentem
2461 779 2798 846 contempsit,
2845 790 2913 828 ne
2953 773 3190 828 tidem‘in
3230 786 3383 826 suum
3421 769 3826 824 benefacton

2231 854 2484 938 ejuraret.
2522 869 2692 934 Quam
2737 868 2894 936 igitur
2916 865 3170 932 deinceps
3205 875 3425 930 sperare
3451 868 3704 928 poterunt
3731 868 3830 909 ett-

2231 962 2561 1015 cusationem
2589 960 2708 1022 viri,
2741 958 2785 1010 si
2816 956 3006 1009 molles
3046 954 3153 1006 sint
3174 961 3226 1006 et
3256 951 3451 1020 ignavi,
3481 963 3642 1017 quam
3695 958 3829 999 veto

2239 1054 2483 1118 veniam,
2536 1065 2657 1104 cum
2706 1049 2911 1102 fortiter
2959 1061 3022 1100 ac
3081 1045 3306 1096 viriliter
3348 1057 3408 1094 se
3450 1049 3642 1108 gerant
3712 1055 3832 1092 mu-

2235 1142 2436 1198 lieres?
2489 1156 2609 1195 eum
2659 1140 2794 1193 adeo
2824 1154 2881 1191 se
2907 1149 3168 1206 generose
3194 1133 3258 1186 ad
3290 1131 3578 1186 certamina
3612 1131 3832 1197 pietatis

2235 1234 2549 1303 accingam?
2590 1232 2719 1286 Nam
2769 1245 2941 1297 neque
2991 1240 3168 1290 sexus,
3201 1240 3298 1277 nec
3325 1235 3452 1276 a-tas
3481 1236 3657 1290 neque
3682 1222 3830 1272 aliud

2237 1325 2525 1396 quidquam
2585 1332 2759 1391 potest
2813 1318 3249 1387 impedimentum
3300 1311 3647 1380 objicere,,si
3689 1312 3834 1364 adsit

2239 1418 2485 1471 alacritas
2522 1413 2723 1474 animi,
2775 1421 2828 1464 et
2873 1410 3051 1472 zelus,
3103 1418 3158 1461 et
3208 1404 3403 1458 ardens
3429 1402 3602 1465 fides;
3637 1402 3834 1469 hisque

2239 1510 2487 1562 omnibus
2517 1507 2605 1558 Dei
2661 1504 2813 1558 nobis
2839 1501 3060 1571 gratiam
3101 1497 3466 1556 conciliemus,
3497 1493 3639 1562 quod
3674 1494 3834 1545 beata

2245 1602 2489 1654 nimirum
2537 1600 2634 1652 ista
2677 1596 2942 1664 praestitit.
2982 1591 3102 1644 Fuit
3147 1588 3287 1642 enim
3325 1587 3397 1639 illi
3424 1599 3620 1652 corpus
3663 1582 3837 1636 imbe-

2241 1693 2443 1753 cillum,
2491 1699 2545 1743 et
2587 1688 2847 1741 obnoxius
2877 1698 3034 1738 sexus
3078 1681 3304 1748 injurizr,
3360 1687 3415 1731 et
3445 1675 3624 1743 junior
3665 1684 3833 1733 artas;

2243 1791 2608 1835 verumtamen
2659 1777 2849 1829 horum
2894 1772 3133 1825 omnium
3197 1765 3614 1819 imbecillitatem
3663 1762 3834 1815 adve-

2244 1875 2396 1927 niens
2439 1870 2604 1940 gratia
2650 1863 2954 1932 occultavit,
3005 1861 3096 1914 ubi
3143 1870 3458 1928 generosam
3499 1853 3665 1906 animi
3719 1853 3836 1903 ala-

2245 1970 2484 2018 critatem
2529 1957 2767 2020 offendit,
2810 1963 2864 2007 et
2893 1959 3225 2005 constantem
3271 1945 3452 2010 tidem,
3504 1954 3560 1998 et
3595 1942 3837 1995 animam

2246 2057 2309 2106 ad
2357 2049 2628 2105 subeunda
2676 2044 2906 2114 pericula
2939 2051 3308 2110 prmparatam.

2317 2148 2369 2198 4.
2409 2144 2468 2196 S.
2502 2140 2707 2194 Drosidi
2768 2135 3055 2206 prapost'tus
3100 2147 3272 2200 rogus.
3326 2128 3598 2196 Compara!
3654 2140 3840 2194 rogum

2247 2253 2360 2288 cum
2394 2237 2528 2296 fonte
2573 2246 2617 2283 et
2658 2223 3122 2298 foruace.-—-Nihil
3154 2222 3296 2275 enim
3341 2228 3461 2282 est,
3516 2215 3647 2268 nihil
3681 2215 3841 2283 plane

2247 2301 2514 2395 potentius
2541 2334 2622 2376 cst
2648 2335 2714 2374 eo
2735 2360 2748 2383 ,
2779 2319 2868 2387 qui
2895 2329 3083 2385 magno
3109 2328 3230 2367 cum
3256 2310 3432 2365 studio
3465 2309 3555 2362 Dei
3587 2308 3838 2361 timorem

2249 2416 2439 2468 habeat
2468 2414 2520 2465 itt
2551 2419 2729 2464 mente
2749 2409 3001 2470 defixum,
3026 2404 3119 2458 sed
3143 2401 3384 2472 quamvis
3403 2401 3573 2469 ignes,
3593 2397 3842 2466 quamvis

2250 2507 2449 2561 ferrum
2474 2547 2487 2561 .
2516 2503 2758 2572 quamvis
2785 2499 2983 2553 bestias
3003 2537 3017 2562 ,
3058 2495 3299 2565 quamvis
3326 2493 3468 2546 aliud
3493 2491 3708 2560 quidvis
3734 2491 3840 2543 mi-

2249 2606 2440 2650 nentur
2472 2597 2649 2648 hostes
2670 2633 2684 2657 ,
2713 2593 2891 2645 omnia
2919 2589 3066 2642 nullo
3093 2586 3306 2655 negotio
3334 2584 3665 2646 contemnit,
3697 2583 3842 2651 quod

2250 2690 2431 2754 utique
2466 2693 2614 2738 beata
2644 2681 2741 2735 ista
2781 2680 2963 2734 Drosis
2990 2680 3151 2732 etiam
3197 2675 3342 2730 fecit.
3376 2673 3665 2741 Postquam
3694 2672 3840 2727 enim

2249 2790 2434 2845 rogum
2469 2785 2724 2846 tyrannus
2766 2770 3232 2836 accenditzneque
3274 2767 3416 2826 enim
3446 2765 3497 2818 in
3527 2763 3842 2819 barathrum

2250 2866 2392 2919 illam
2439 2865 2761 2932 praecipitem
2806 2861 2950 2930 egit,
2998 2873 3172 2926 neque
3213 2859 3388 2926 capite
3433 2857 3734 2919 truncavit,
3776 2870 3847 2910 ne

2253 2955 2500 3022 supplicii
2531 2954 2760 3006 brevitas
2788 2949 2997 3003 facilius
3029 2948 3107 3001 illi
3135 2957 3404 3002 certamen
3433 2947 3715 3010 redderet;
3747 2945 3844 2998 sed

2251 3047 2430 3097 animo
2459 3048 2574 3111 ejus
2603 3043 2822 3110 cupiens
2848 3049 3104 3108 terrorem
3135 3039 3393 3096 incutere.
3423 3046 3583 3105 atque
3614 3036 3850 3089 indomi-

2255 3142 2362 3186 tam
2391 3135 2504 3202 ejus
2535 3142 2765 3186 utentem
2796 3131 2907 3199 rogi
2949 3139 3164 3199 aspectu
3193 3142 3444 3196 superare
3466 3169 3481 3191 ,
3519 3128 3571 3180 in
3605 3127 3845 3180 medium

2256 3226 2395 3278 illam
2427 3224 2663 3293 pretitlit.
2693 3223 2826 3276 Cum
2857 3223 3016 3291 igitur
3043 3235 3230 3288 rogum
3260 3218 3610 3278 accendisset,
3642 3233 3708 3271 ac
3739 3218 3842 3270 for-

2257 3329 2439 3369 nacem
2468 3315 2882 3375 inﬂammasset,
2915 3319 3073 3379 atque
3121 3310 3172 3362 in
3212 3323 3474 3362 summam
3504 3308 3847 3361 altitudinem

2251 3405 2602 3468 attolleretur,
2633 3404 2748 3458 bare
2771 3417 2892 3457 cum
2921 3409 3168 3456 cerneret
3193 3401 3345 3454 beata
3374 3409 3596 3468 martyr,
3627 3399 3845 3452 inﬂam-

2256 3498 2499 3552 mabatur
2544 3499 2655 3566 ipsa
2687 3510 2897 3564 quoque
2937 3501 3097 3562 atque
3136 3506 3317 3546 amore
3353 3491 3549 3545 Chriin
3587 3491 3846 3553 ardebat,

2255 3589 2521 3656 triumque
2549 3601 2831 3655 puerorum
2863 3600 3090 3651 memor,
3119 3598 3300 3638 secum
3328 3584 3440 3652 ipsa
3466 3583 3768 3650 reputabat,
3788 3599 3849 3638 se

2256 3680 2310 3731 in
2349 3678 2660 3731 societatem
2705 3675 3054 3730 certaminum
3107 3673 3316 3726 illorum
3370 3671 3584 3735 venire,
3633 3673 3852 3740 sibique

2251 3765 2464 3820 easdem
2502 3781 2622 3820 cum
2652 3765 2754 3818 illis
2783 3777 3010 3819 coronas
3040 3762 3261 3830 imponi.
3297 3760 3364 3814 Et
3391 3759 3848 3831 quemadmodum

2257 3851 2441 3908 furiosi
2466 3855 2602 3909 nihil
2629 3869 2838 3916 eorum,
2867 3867 2985 3922 qum
3011 3859 3324 3915 cernuntur,
3357 3859 3514 3919 prout
3533 3858 3615 3904 est
3636 3849 3846 3914 vident,

2254 3948 2346 4002 sed
2373 3949 2484 4001 sive
2517 3957 2796 4000 exaculum
2825 3943 3058 4016 gladium
3107 3941 3355 4004 viderint,
3393 3942 3445 3995 in
3486 3942 3655 4010 ipsum
3689 3941 3849 3996 facile

2257 4040 2558 4107 praecipites
2587 4040 2827 4102 irruunt,
2857 4037 2969 4091 sive
2990 4050 3197 4105 rogum,
3230 4035 3343 4089 sive
3366 4033 3698 4098 barathrum,
3729 4036 3852 4090 sive

2254 4130 2622 4199 prmeipitinm,
2652 4132 2762 4184 sive
2783 4129 3018 4198 pelagus,
3042 4129 3153 4181 sive
3173 4125 3313 4180 aliud
3331 4125 3557 4194 quidvis,
3578 4125 3850 4192 intrepide

2254 4235 2312 4274 se
2360 4221 2411 4274 in
2450 4231 2635 4274 cuneta
2669 4220 2954 4289 projiciunt
2984 4237 2997 4272 :
3024 4218 3102 4272 sic
3138 4227 3192 4271 et
3239 4217 3339 4271 ista
3377 4217 3552 4271 furore
3594 4214 3704 4271 'non
3750 4217 3850 4274 tali

2254 4322 2517 4380 correpta,
2548 4311 2706 4373 absit,
2737 4310 2833 4366 sed
2861 4310 2966 4364 alio
2995 4308 3181 4379 quavis
3210 4307 3487 4376 prudentia
3521 4307 3847 4375 bonestiori,

2255 4400 2556 4470 Christique
2597 4415 2778 4454 amore
2821 4409 3095 4468 correpta,
3147 4397 3276 4452 nihil
3320 4413 3506 4453 eorum
3547 4413 3666 4467 quae
3719 4411 3851 4454 sunt

2258 4491 2422 4545 oculis
2459 4490 2698 4558 subjecta
2743 4489 3048 4558 spectabat,
3097 4487 3188 4542 sed
3233 4487 3286 4541 in
3329 4487 3517 4542 ca-lntn
3562 4487 3847 4555 translata,

2257 4581 2486 4650 illucque
2524 4577 2632 4649 jam
2681 4589 2862 4634 mente
2907 4574 3262 4647 eommignms
3303 4578 3478 4631 omnia
3525 4577 3662 4630 mala
3708 4592 3849 4632 con-

2259 4673 2544 4735 temnebat,
2574 4681 2628 4726 et
2656 4673 2827 4740 ignem
2850 4684 2954 4724 non
2982 4669 3178 4738 ignem,
3209 4668 3301 4723 sed
3328 4684 3500 4722 rorem
3529 4683 3650 4723 esse
3673 4669 3845 4724 duce-

2258 4762 2365 4816 bat.
2385 4761 2742 4828 Quamobrem
2769 4775 2956 4828 rogum
2980 4760 3126 4813 illum
3153 4773 3253 4828 ego
3279 4768 3333 4811 et
3363 4758 3560 4812 fontem
3581 4773 3847 4827 aquarum

2256 4851 2710 4921 limpidissimnm,
2768 4858 2823 4903 et
2852 4852 3133 4902 tincturam
3173 4850 3454 4916 quamdam
3485 4848 3759 4913 eximiam,
3785 4857 3846 4904 et

2260 4941 2527 4997 fornacem
2564 4941 2929 4994 eonﬂatoriant
2960 4940 3189 5006 appello.
3223 4937 3352 4992 Nam
3393 4939 3848 5007 quemadmodum

2259 5035 2311 5087 in
2345 5034 2557 5088 fornace
2583 5049 2790 5094 aurum,
2814 5034 2890 5085 sic
2911 5043 2964 5085 et
2986 5032 3126 5084 illius
3150 5031 3301 5085 beata
3331 5032 3501 5083 anima
3532 5045 3627 5098 per
3653 5046 3846 5100 rogum

2257 5126 2403 5180 illum
2448 5128 2632 5194 purior
2673 5125 3010 5179 reddebatur.
3053 5123 3418 5192 Liquel‘tehaut
3464 5124 3604 5175 enim
3652 5138 3851 5176 carnes

2257 5216 2392 5283 ejus,
2421 5227 2477 5272 et
2502 5231 2618 5269 ossa
2649 5215 3014 5278 terrebantur,
3043 5213 3402 5267 exurebantur
3432 5213 3612 5276 nervi,
3643 5225 3699 5267 et
3727 5228 3851 5266 eor-

2257 5310 2399 5377 poris
2426 5310 2603 5362 sanies
2626 5309 2857 5375 undique
2880 5305 3141 5360 deﬂuebat
3162 5323 3174 5357 :
3195 5315 3248 5358 at
3274 5307 3462 5358 anima:
3484 5302 3615 5359 ﬁdes
3640 5305 3848 5358 firmior

2255 5409 2306 5452 et
2336 5399 2660 5466 splendidior
2684 5398 2864 5451 ﬁebat.
2896 5398 3065 5464 Atque
3110 5395 3184 5449 illi
3213 5395 3423 5464 quidem
3454 5394 3568 5447 haec
3596 5395 3846 5447 videntes

2257 5490 2424 5558 ipSam
2466 5492 2636 5559 perire
2679 5492 2964 5546 censebant
2991 5506 3004 5542 :
3027 5488 3138 5541 hate
3164 5501 3293 5540 vero
3321 5486 3548 5553 amplius
3575 5500 3844 5554 expurga-

2257 5584 2428 5644 batur,
2452 5593 2503 5634 ct
2533 5580 2980 5641 quemadmodum
3010 5594 3220 5642 aurum,
3244 5577 3516 5645 imperitus
3533 5577 3622 5643 qui
3643 5577 3846 5641 adstat,

2256 5681 2309 5725 et
2349 5672 2607 5741 liquefieri
2637 5673 2776 5728 videt
2813 5686 2875 5726 ac
2915 5670 3192 5735 difﬂuere,
3230 5683 3457 5739 cumque
3476 5667 3664 5721 cinere
3689 5681 3840 5721 coal-
