4084 6452
158 381 268 439 ῧὸῗ

236 493 310 563 γ’.
356 488 496 544 Ἀλλ’
528 490 781 546 ἐντεῦθεν
808 489 929 560 μὲν,
952 488 1037 543 ὅτι
1059 488 1157 559 τῆς
1187 485 1469 549 ἀσθενείας
1498 482 1609 537 τῶν
1637 480 1755 536 δαι-

165 564 351 649 μόνων
377 577 597 649 ἔλεγχος
628 579 657 632 6
676 578 787 631 τῶν
810 576 1104 649 μαρτύρων
1132 574 1250 628 ἐστὶ
1283 573 1535 634 θάνατος,
1558 563 1754 622 ἀποδέ-

162 667 407 720 δεικταισ
435 666 518 719 ὅτι
550 665 605 719 δὲ
634 664 726 719 καὶ
761 667 858 735 τῆς
880 661 1239 733 ἀναισθησίας
1262 654 1445 715 αὐτῶν
1473 661 1592 711 ἐστι
1621 670 1755 708 κατ-

165 751 371 823 ηγορία
412 750 475 805 τδ
523 752 797 821 πρᾶγμα,
822 749 982 821 δῆλον
1015 748 1246 802 ἐκεῖθεν.
1276 746 1449 801 Ὅταν
1476 746 1587 816 γάρ
1608 738 1755 798 οῦτοι

171 839 295 910 μὲν,
334 840 385 894 οί
420 841 695 911 μάρτυρες
720 838 897 907 λέγω,
917 836 1130 908 σώματι
1162 836 1257 890 καὶ
1290 835 1549 906 φυσικαῖς
1590 831 1758 899 ἀνάγ-

168 942 299 990 καις
322 927 690 996 ύποκείμενοι,
725 925 820 979 καὶ
848 925 1017 979 πολὺν
1042 922 1243 977 ὀδυνῶν
1274 921 1432 992 δχλον
1463 920 1558 974 καὶ
1582 918 1755 989 ἀλγη-

160 1012 338 1067 δόνων
363 1011 581 1083 ἔχοντες
613 1011 971 1084 περιεστῶτα,
1007 1010 1100 1063 καὶ
1135 1009 1227 1062 τὸν
1257 1008 1524 1078 ἐπίκηρον
1551 1004 1758 1070 ζῶντες

168 1098 311 1167 βίον,
340 1100 436 1152 καὶ
469 1099 835 1170 διατρίϐοντες
865 1098 957 1152 ἐπὶ
988 1098 1113 1168 γῆς,
1139 1096 1284 1150 οῦτω
1327 1094 1626 1165 φαίνωνται
1660 1090 1759 1162 τῆς

170 1186 458 1256 παρούσης
484 1184 861 1257 ὑπερορῶντες
890 1184 1035 1255 ζωῆς
1064 1182 1155 1237 διά
1180 1183 1282 1253 τὴν
1309 1181 1438 1253 περὶ
1475 1181 1569 1234 τὸν
1600 1176 1757 1250 [692]

169 1273 517 1343 πεποιηκότα
567 1272 751 1337 αὐτοῖς
807 1269 941 1324 Θεὸν
987 1270 1246 1340 ἀγάπην
1300 1270 1502 1322 ἐκεῖνοι
1556 1266 1612 1320 δέ
1666 1266 1762 1319 καὶ

167 1359 379 1430 σαρκὸς
407 1358 817 1431 ἀπηλλαγμένα
849 1358 943 1413 καὶ
973 1357 1157 1429 πάσης
1191 1356 1398 1428 ταύτης
1439 1355 1633 1427 ὀδύνης
1666 1356 1761 1408 καὶ

169 1445 467 1517 ἀλγηδόνος
490 1444 634 1499 οῦτω
662 1444 961 1513 φαίνωνται
991 1443 1361 1516 ἐξυϐρικότες,
1390 1442 1485 1496 xal
1508 1440 1762 1513 άγνώμο·

170 1550 265 1596 νες
299 1532 431 1603 περὶ
467 1531 560 1585 τὸν
596 1530 895 1602 εὐεργέτην
934 1531 1316 1602 γεγενημένοι,
1347 1531 1507 1585 ποίαν
1550 1529 1763 1594 ἕξουσιν

169 1618 508 1687 ἀπολογίαν;
550 1618 677 1672 τίνα
718 1619 1083 1688 συγγνώμηνς
1129 1616 1402 1687 Οὐδεμίαν
1438 1614 1760 1687 οὐδαμόθεν,

172 1709 276 1778 τῆς
306 1706 513 1763 τούτων
554 1706 759 1779 ἀρετῆς
795 1707 894 1778 τὴν
934 1706 1163 1761 ἐκείνων
1198 1704 1403 1762 κακίαν
1450 1708 1517 1761 ἐκ
1561 1704 1762 1759 πολλοῦ

170 1794 270 1849 τοῦ
309 1795 593 1866 περιόντος
616 1793 1080 1865 κατακρινούσης.
1122 1793 1198 1848 Οὐ
1231 1793 1342 1865 γὰρ
1382 1793 1449 1863 δὴ
1481 1791 1644 1863 μόνον
1670 1792 1766 1846 ἀν-

171 1880 429 1953 θρώπους
460 1879 756 1953 ἄνθρωποι,
784 1883 837 1934 οί
870 1880 1273 1953 σπουδαιότεροι
1300 1882 1431 1945 τοὺς
1460 1878 1767 1951 ῥᾳθυμοτέ-

173 1984 308 2039 ρους
332 1966 773 2038 κατακρίνουσιν,
807 1966 922 2020 ἀλλ’
946 1966 1049 2038 ήδη
1073 1966 1169 2020 καὶ
1194 1966 1396 2030 αὐτοὺς
1416 1967 1544 2029 τοὺς
1572 1963 1766 2036 δαίμο-

172 2071 274 2117 νας
301 2055 337 2125 ή
360 2053 566 2107 τούτων
578 2051 936 2118 καταδικάζει
969 2052 1193 2125 σπουδή.
1223 2053 1335 2107 Kal
1358 2051 1535 2106 ταῦτα
1554 2050 1769 2116 Παῦλος

172 2139 414 2211 ἐδήλωσε
446 2140 642 2208 λέγων·
676 2139 791 2193 Οὐκ
817 2138 995 2193 οἴδατε
1028 2140 1113 2193 ὃτι
1139 2139 1409 2209 ἀγγέλους
1440 2137 1766 2210 κρινοῦμεν;

175 2229 314 2298 μήτι
338 2244 403 2296 γε
438 2226 699 2299 βιωτικά,
728 2227 855 2291 τοὺς
880 2225 972 2280 τοῦ
997 2226 1250 2281 διαϐόλου
1280 2227 1455 2296 λέγων
1480 2226 1769 2295 ἀγγέλους,

170 2314 306 2378 τοὺς
341 2315 678 2378 ἀποστάτας.
708 2299 819 2367 Kal
843 2314 961 2378 πῶς
983 2312 1281 2387 κρινοῦμεν
1312 2315 1531 2379 αὐτοὺς,
1562 2314 1766 2385 φησίν;

174 2400 319 2471 υύχὶ
366 2400 670 2473 καθήμενοι
701 2387 817 2455 ’καὶ
849 2400 1078 2465 εὐθύνας
1116 2400 1315 2464 αὐτοὺς
1362 2401 1731 2465 ἀπαιτοῦντες
1752 2440 1769 2465 ,

173 2485 320 2540 ἀλλά
344 2487 416 2541 δι’
448 2487 725 2559 ἡμετέρας
760 2487 997 2558 σπουδῆς
1023 2488 1123 2559 τὴν
1153 2489 1379 2542 ἐκείνων
1416 2492 1774 2559 κατακρίνον-

172 2593 273 2641 τες
300 2575 596 2648 ρᾳθυμίαν.
633 2575 814 2647 Ὅπερ
837 2572 932 2630 οὖν
960 2578 1056 2631 καὶ
1078 2578 1211 2632 αὐτὸ
1237 2577 1417 2647 δηλῶν
1442 2576 1601 2645 ἔλεγε
1624 2591 1641 2606 ’
1666 2577 1775 2631 Καὶ

173 2664 233 2718 ει
259 2662 332 2715 ἐν
360 2663 506 2732 ὑμῖν
528 2663 793 2731 κρίνεται
818 2666 853 2718 ὁ
881 2664 1111 2733 κόσμος
1129 2679 1143 2692 ⁶
1172 2664 1272 2718 οὐκ
1294 2659 1448 2717 εἶπεν
1475 2663 1562 2733 ἐφῗ
1595 2661 1772 2733 ὑμῶν,

176 2750 322 2805 ἀλλά
350 2750 417 2803 δι’
442 2749 615 2821 ὑμῶν.
657 2751 871 2822 Ὠσπερ
898 2751 1028 2803 ὅταν
1058 2750 1212 2822 λέγῃο
1244 2750 1470 2821 ’Ἄνδρες
1495 2747 1775 2803 Νινευῖται

176 2838 601 2909 ἀναστήσονται,
633 2838 730 2891 καὶ
758 2836 1157 2911 κατακρινοῦσι-
1182 2839 1281 2911 τὴν
1310 2838 1506 2907 γενεὰν
1542 2837 1775 2908 ταύτην,

175 2923 284 2995 οὐχ
325 2924 403 2988 ὡς
431 2924 541 2978 τῶν
569 2925 871 2979 Νινευῖτῶν
908 2925 1067 2994 λόγον
1093 2906 1469 2979 ἀπαιτούντων
1498 2926 1627 2989 τούς
1655 2925 1777 2978 τότε

176 3010 551 3075 ἀπιστοῦντας
600 3010 712 3065 τῶν
780 3012 1078 3078 Ἰουδαίων,
1122 3011 1239 3064 ἀλλ’
1271 3012 1347 3075 ὡς
1390 3015 1492 3083 τῆς
1544 3012 1771 3066 ἐκείνων

179 3100 426 3162 πίστεως
462 3100 561 3168 τὴν
581 3098 791 3152 τούτων
812 3100 1071 3156 ἀπιστίαν
1099 3099 1592 3171 καταδικαζούσης.
1622 3102 1780 3153 Ἐστι

183 3188 285 3240 καί
312 3187 393 3250 είς
417 3185 619 3257 ἀρετὴν
651 3186 885 3257 μέγιστα
913 3186 1216 3240 ἀπόνασθαι
1246 3188 1341 3240 καὶ
1370 3189 1449 3251 είς
1479 3186 1780 3260 ὑπεροψίαν

179 3273 298 3328 τῶν
321 3273 605 3345 παρόντων
631 3272 977 3345 πραγμάτων
1006 3274 1115 3327 ἀπὸ
1136 3275 1246 3329 τῶν
1270 3274 1586 3347 μαρτύρων.
1609 3277 1782 3332 Ὅταν
1817 3304 1821 3309 ·

182 3361 300 3433 γὰρ
334 3359 453 3433 ίδῃς
482 3358 707 3424 τούτους
733 3359 953 3431 ἀπάσης
979 3360 1458 3433 καταφρονοῦντας
1482 3362 1583 3431 τῆς
1611 3360 1779 3434 ζωῆς.

183 3449 296 3503 κᾶν
352 3447 610 3502 ἀπάντων
666 3445 1121 3519 άναισθητότερος
1171 3444 1239 3522 ᾗς
1284 3449 1379 3502 καὶ
1416 3449 1780 3522 νωθρότατος,

188 3534 531 3606 ὑψηλότατον
561 3533 691 3608 δέξῃ
719 3532 996 3605 φρόνημα,
1036 3535 1133 3588 καὶ
1167 3533 1518 3607 καταγελάσῃ
1548 3538 1781 3608 τρυφῆς,

188 3621 459 3693 ὑπερόψει
491 3621 827 3694 χρημάτων,
855 3622 953 3674 καὶ
981 3622 1343 3695 ἐπιθυμήσεις
1372 3624 1473 3696 τῆς
1513 3627 1632 3678 ἐκεῖ
1656 3626 1787 3679 δια-

187 3709 410 3781 ’τριϐῆς⁶
440 3708 544 3763 κᾶν
565 3710 624 3762 ἐν
649 3708 983 3781 ἀρρωστίαις
1004 3704 1094 3781 ᾖς,
1117 3712 1198 3774 εἰς
1226 3711 1504 3783 ὑπομονὴν
1526 3712 1783 3784 ἀφορμὴν

189 3797 345 3871 λήψῃ
389 3795 676 3867 μεγίστην,
714 3796 786 3851 τά
824 3796 933 3850 τῶν
966 3796 1261 3870 μαρτύρων
1294 3798 1595 3871 παθήματα
1621 3818 1634 3833 ·
1682 3800 1788 3855 κᾶν

190 3886 363 3955 πενία
404 3884 589 3956 πιέζῃ.
638 3883 744 3938 κᾶν
780 3882 961 3938 ὁτιοῦν
992 3884 1180 3956 ἕτερον
1218 3884 1328 3941 τῶν
1360 3886 1787 3957 χαλεπωτάτων,

174 3972 338 4045 πρὸς
370 3970 435 4025 τὸ
471 3970 701 4042 μέγεθος
750 3970 857 4025 τῶν
892 3971 1125 4036 ἐκείνοις
1163 3972 1506 4044 ἐπαχθεισῶν
1542 3974 1792 4045 βασάνων

197 4059 416 4132 βλέπων
453 4057 734 4129 ἀρκοῦσαν
764 4058 907 4123 ἕξεις
936 4058 1287 4131 παραμυθίαν
1327 4060 1437 4114 τῶν
1468 4063 1794 4133 κατειληφό-

193 4165 309 4202 των
356 4147 615 4201 ἁπάντων
655 4147 866 4201 δεινῶν.
897 4147 998 4201 Διά
1024 4149 1184 4201 τοῦτο
1231 4138 1468 4217 μάλιστα
1510 4150 1649 4218 φιλῶ
1682 4150 1793 4203 τῶν

196 4232 504 4310 μαρτύρων
550 4234 651 4298 τάς
699 4236 941 4306 μνήμας,
985 4237 1084 4289 καὶ
1129 4235 1267 4305 φιλῶ
1297 4236 1413 4291 ’καὶ
1452 4237 1791 4308 ἀσπάζομαι,

198 4323 383 4385 πάσας
415 4322 536 4391 μὲν,
584 4320 817 4391 μάλιστα
842 4321 899 4374 δὲ
930 4322 1059 4375 ὅταν
1091 4326 1349 4391 γυναῖκες
1395 4324 1795 4395 ἀγωνιζόμεναι

200 4411 464 4481 τύχωσιν.
508 4402 660 4480 Ὄσῳ
683 4411 795 4481 γάρ
820 4410 882 4463 τὸ
908 4410 1101 4475 σκεῦος
1124 4412 1532 4484 ἀσθενέστερον,
1558 4416 1797 4487 τοσούτῳ

202 4498 412 4568 μείζων
445 4500 477 4568 ή
510 4496 690 4568 χάρις,
720 4497 962 4568 τοσούτῳ
998 4498 1382 4571 λαμπρότερον
1404 4503 1465 4555 τὸ
1502 4503 1788 4573 τρόπαιον,

202 4584 447 4654 τοσούτῳ
474 4585 915 4656 περιφανεστέρα
942 4587 975 4655 ή
998 4587 1147 4657 νίκη,
1176 4589 1235 4640 οὐ
1262 4588 1353 4641 διὰ
1384 4590 1486 4660 τὴν
1512 4592 1798 4645 ἀσθένειαν

203 4673 308 4742 τῆς
338 4672 553 4740 φύσεως
584 4672 695 4724 τῶν
733 4671 1002 4743 ἀθλητῶν,
1040 4675 1155 4727 ἀλλ’
1188 4676 1271 4729 ὃτι
1315 4678 1410 4730 καὶ
1452 4673 1534 4741 οἷς
1565 4680 1800 4749 ἐκράτη-

206 4777 301 4813 σεν
340 4760 367 4811 6
409 4759 624 4829 ἐχθρὸς,
654 4758 865 4823 τούτοις
898 4762 1040 4815 ἑάλω
1068 4761 1183 4815 νῦν.
1216 4763 1313 4817 Διά
1349 4766 1621 4836 παρθένου
1664 4766 1795 4833 γοῦν

205 4844 498 4898 ἀπέκτεινε
524 4843 715 4915 πρώην
740 4844 833 4899 τὸν
874 4846 1045 4917 ’Δδάμ
1070 4849 1098 4901 6
1114 4848 1378 4915 διάϐολος,
1411 4852 1499 4905 διὰ
1528 4852 1799 4923 παρθένου

206 4932 352 5002 μετὰ
385 4931 560 4985 ταῦτα
600 4932 1013 5001 κατηγωνίσατο
1050 4935 1143 4987 τὸν
1171 4935 1415 4990 διάϐολον
1463 4941 1492 4991 6
1538 4940 1795 5010 Χριστὸς,

209 5022 300 5072 καὶ
342 5021 403 5071 τὸ
436 5018 588 5088 ξίφος
621 5020 758 5089 ὅπερ
788 5014 855 5090 ἦν
892 5022 1233 5091 ἠκονημένον
1273 5025 1422 5095 αὐτῷ
1472 5027 1592 5080 καθ’
1623 5030 1799 5099 ἡμῶν,

209 5106 372 5159 τοῦτο
401 5106 501 5176 τὴν
528 5107 623 5160 τοῦ
649 5108 944 5179 δράκοντος
977 5110 1220 5180 ἀπέτεμε
1244 5114 1509 5183 κεφαλὴν,
1541 5118 1680 5186 ὅπερ
1708 5119 1804 5172 καὶ

213 5191 307 5243 ἐπὶ
329 5189 425 5241 τοῦ
447 5187 612 5243 Δαυῒδ
643 5191 855 5258 γέγονε.
884 5190 1152 5264 Καθάπερ
1191 5194 1300 5266 γὰρ
1324 5196 1447 5249 τότε
1480 5198 1574 5250 τοῦ
1612 5200 1801 5255 Ιόλιάθ

213 5274 312 5343 τὴν
344 5271 587 5356 κεφαλήν
634 5275 663 5327 6
688 5272 895 5356 δίκαιος
947 5276 1154 5339 ἐκεῖνος
1185 5277 1334 5348 αὐτῴ
1371 5281 1448 5351 τῷ
1486 5281 1804 5356 βαρϐαρικῷ

216 5356 363 5425 ξίφει
396 5353 625 5426 δραμὼν
659 5355 960 5426 ἀπέκοψεν,
1000 5358 1144 5412 οὕτω
1178 5360 1241 5431 δὴ
1291 5364 1384 5416 καὶ
1423 5363 1552 5417 νῦν·
1586 5353 1675 5419 διὰ
1706 5353 1802 5436 γυ)

216 5438 405 5501 ναικὸς
432 5439 729 5509 ἐκράτησε,
766 5438 855 5493 διὰ
879 5443 1138 5519 γυνατκὸς
1168 5445 1420 5517 ἥττηται.
1447 5448 1616 5503 Τοῦτο
1641 5452 1804 5507 ὅπλον

214 5518 285 5593 ἦν
318 5520 468 5591 αὐτῷ
506 5522 791 5593 πρότερον,
827 5518 985 5578 τοῦτο
1016 5525 1112 5579 νῦν
1151 5529 1373 5597 γέγονεν
1401 5532 1550 5603 αῦτῷ
1592 5537 1806 5607 σφαγῆς

216 5606 484 5676 δργανον,
519 5604 678 5660 τοῦτο
707 5607 901 5672 σκεῦος
938 5610 1399 5678 ἀκαταγώνιστον,
1440 5616 1727 5688 ’Ἢμαρτεν
1764 5604 1805 5686 ’ᾗ

221 5687 464 5772 προτέρα
519 5688 967 5772 καὶτάπέθανεν,
1030 5694 1301 5751 ἀπέθανεν
1357 5687 1537 5771 αὐτη,
1590 5702 1675 5754 ἵνα
1730 5704 1793 5772 μὶ

219 5770 475 5842 ἁμάρτῃ·
536 5769 720 5842 ἐκείνη
776 5774 897 5827 τότε
950 5774 1166 5846 ψυχρᾶς
1225 5769 1573 5853 ὑποσχέσεως
1630 5769 1804 5840 ἐλπίδι

509 5874 820 5939 ειδλτιιοι.
867 5877 984 5943 Gn.
1038 5881 1102 5945 L.

1304 371 1394 427 DE
1432 368 1492 427 S.
1534 361 1836 423 DROSIDE
1870 356 2231 416 MARTYRE.

3338 352 3444 407 68?

1861 476 2166 549 φυσηθεῖσα
2193 474 2321 537 τοῦς
2347 468 2442 525 τοῦ
2467 469 2605 525 Θεοῦ
2636 467 2829 539 νόμους
2859 464 3239 537 κατεπάτησεν
3264 485 3278 501 ’
3303 468 3447 539 αῦτη

1861 566 1959 621 καὶ
1989 566 2093 636 τῆς
2117 563 2399 636 παρούσης
2432 557 3013 634 κατεφρόνησεζωῆς,
3054 556 3197 613 ὥστε
3240 561 3315 631 μὴ
3350 560 3449 630 τὴν

1863 661 1946 723 είς
2005 658 2099 712 τὸν
2163 654 2461 727 εὐεργέτην
2522 653 2884 726 ἐξομόσασθαι
2939 652 3138 706 πίστιν.
3202 652 3301 717 Τίς
3355 648 3450 706 οὖν

1867 747 2021 823 [695]
2038 748 2110 805 ἂν
2131 749 2344 819 γένοιτο
2369 747 2555 802 λοιπὸν
2576 746 2801 819 ἀνδράσι
2834 744 3287 823 μαλακιζομένοις
3325 746 3455 799 ἀπο-

1867 809 2026 911 λογίά
2042 882 2057 906 ,
2083 809 2169 906 τίς
2190 840 2249 894 δὲ
2281 838 2612 911 συγγνώμη,
2637 809 2766 917 ὅταν
2788 809 3452 919 γυναῖκεςδάνδρίξωνξτακ

1861 936 1991 989 ὅταν
2012 933 2155 987 οὔτω
2179 931 2445 1001 γενναίως
2472 930 2610 1002 πρὸς
2637 931 2764 993 τοὺς
2790 928 2893 999 τῆς
2922 928 3202 993 εὐσεϐείας
3232 928 3453 993 ἀγῶνας

1862 1024 2242 1091 ἀποδύωνταις
2273 1021 2411 1077 Οὔτε
2432 1022 2542 1094 γάρ
2564 1021 2749 1091 φύσις,
2781 1018 2907 1074 οῦτε
2928 1019 3136 1090 ἡλικία,
3172 1017 3297 1072 οὐτε
3326 1006 3456 1073 ἄλλο

1861 1116 2016 1171 οὐδὲν
2074 1114 2365 1186 ἐμποδίσαι
2389 1111 2595 1166 δύναιτ’
2648 1111 2737 1176 ἂν,
2786 1111 2916 1165 ὅταν
2960 1110 3241 1181 προθυμία
3281 1113 3458 1182 παρῇ,

1865 1206 1961 1261 καὶ
1989 1204 2174 1276 ζῆλος,
2193 1202 2293 1257 καὶ
2318 1198 2695 1276 πεπυρωμένη
2740 1201 2924 1264 πίστις
2943 1216 2957 1230 ·
3003 1199 3099 1253 καὶ
3127 1200 3217 1255 διὰ
3252 1199 3460 1255 τούτων

1865 1298 2127 1354 ἀπάντων
2168 1296 2269 1366 τὴν
2306 1295 2402 1349 τοῦ
2442 1293 2580 1349 Θεοῦ
2625 1294 2787 1365 χάριν
2824 1291 3289 1363 ἐπισπασώμεθα,
3323 1292 3353 1345 ὃ
3394 1280 3461 1363 δὴ

1869 1388 1964 1443 καὶ
1999 1387 2093 1441 ἐπὶ
2126 1387 2229 1457 τῆς
2261 1384 2537 1458 μακαρίας
2567 1381 2772 1457 ταύτης
2799 1384 3014 1454 γέγονε.
3035 1385 3149 1439 Καὶ
3176 1386 3286 1456 γάρ
3308 1380 3470 1439 ἀσθεε

1867 1480 1956 1545 vl;
1985 1474 2056 1550 ῆν
2102 1476 2241 1548 αὐτῇ
2272 1476 2334 1531 τδ
2360 1475 2574 1548 ισῶμα,
2607 1474 2703 1529 καὶ
2754 1474 3164 1547 εὐετιηρέαστος
3204 1476 3237 1545 ἡ
3279 1474 3464 1544 φύσις,

1869 1573 1963 1625 καὶ
1992 1568 2329 1640 ἀτελεστέρα
2370 1570 2404 1640 ή
2434 1562 2651 1639 ⁴ᾗλικία,
2694 1567 2831 1621 άλλά
2879 1568 3101 1621 πάντων
3127 1554 3466 1639 τούτων’τὴν

1868 1665 2156 1719 ἀσθένειαν
2206 1661 2518 1716 ἐπελθοῦσα
2562 1663 2596 1732 ἡ
2652 1662 2814 1733 χάρις
2858 1660 3220 1733 ἀπέκρυψεν,
3276 1660 3468 1733 ἐπειδὴ

1869 1757 2180 1829 προθυμίαν
2212 1745 2372 1828 εὗρεν
2400 1755 2543 1825 αῦτη
2570 1755 2851 1823 γενναίαν,
2882 1756 2980 1809 κα).
3003 1755 3188 1808 πίστιν
3218 1754 3470 1825 ἀδιάκριο

1868 1867 1982 1913 τον,
2018 1850 2113 1903 καὶ
2144 1848 2324 1920 ψυχὴν
2359 1847 2495 1920 πρὸς
2525 1845 2808 1911 κινδύνους
2839 1847 3394 1920 παρεσκευασμένην.

1940 1942 2002 1997 δ’.
2028 1942 2104 1995 Οὐ
2133 1942 2245 2013 γάρ
2274 1941 2446 2007 ἐστιν,
2478 1940 2579 1993 οὐκ
2603 1938 2753 1993 ἔστιν
2783 1940 2955 1993 οὐδὲν.
2971 1940 3345 2013 δυνατώτερον
3371 1939 3469 1995 τοῦ

1874 2034 2015 2107 μετά
2044 2010 2286 2103 σπουδῆς
2312 2032 2517 2103 πολλῆς
2537 2032 2631 2086 τὸν
2661 2030 2829 2101 φόϐον
2849 2032 2945 2086 τοῦ
2974 2032 3111 2086 Θεοῦ
3138 2010 3354 2105 ἔχοντος
3379 2028 3472 2107 €6—
3494 2010 3521 2029 ς

1873 2123 2204 2198 ριζωμένον,
2240 2121 2380 2177 ἀλλά
2404 2122 2512 2178 κᾶν
2549 2121 2682 2193 πῦρ,
2710 2121 2818 2175 κᾶν
2856 2122 3107 2194 σίδηρος,
3143 2124 3248 2178 κᾶν
3283 2122 3470 2194 θηρία,

1874 2215 1978 2271 κᾶν
2000 2216 2180 2271 ὁτιοῦν
2211 2216 2755 2288 έτερονάπειλῆται,
2795 2217 3016 2272 πάντων
3052 2216 3297 2288 ὑπερορᾷ
3335 2214 3475 2285 μετά

1876 2308 2084 2379 πολλῆς
2128 2309 2230 2380 τῆς
2278 2307 2555 2375 εὐκολίας,
2591 2308 2849 2382 καθάπερ
2880 2307 2973 2363 οῦν
3006 2309 3102 2363 καὶ
3144 2310 3179 2378 ἡ
3225 2306 3476 2381 μακαρία

1876 2400 2015 2473 αῦτη
2038 2401 2255 2473 Δροσίς.
2292 2400 2513 2472 Ἐπειδὴ
2542 2400 2652 2471 γάρ
2673 2394 2781 2471 ἧψε
2802 2401 2903 2470 τὴν
2931 2400 3110 2471 πυρὰν
3133 2402 3161 2453 6
3185 2399 3470 2470 τύραννος·

1875 2491 1999 2545 οὐδὲ
2027 2489 2137 2561 γάρ
2171 2490 2265 2542 ἐπὶ
2300 2488 2577 2561 βάραθρον
2607 2485 2790 2561 αὐτὴν
2819 2490 3053 2560 ἤγαγεν,
3088 2487 3211 2541 (οὐδέ
3246 2488 3345 2556 τὴν
3378 2502 3476 2538 κε-

1878 2582 2056 2653 φαλὴν
2080 2582 2393 2653 ἀπέτεμεν,
2425 2580 2516 2635 ἵνα
2547 2581 2623 2652 μὴ
2653 2581 2715 2634 τὸ
2759 2580 3028 2651 σύντομον
3066 2580 3169 2651 τῆς
3206 2577 3477 2650 τιμωρίας

1878 2672 2249 2746 εὐκολώτερον
2279 2673 2419 2745 αὐτῇ
2468 2658 2681 2746 ποιήση
2708 2673 2802 2726 τὸν
2843 2669 3028 2737 ἆθλον,
3076 2672 3214 2727 ἀλλά
3246 2672 3307 2725 τὸ
3342 2671 3478 2743 φρό-

1878 2783 2028 2837 νημα
2067 2765 2241 2837 αὐτῆς
2270 2764 2616 2835 καταπλῆξαι
2654 2764 3015 2837 βουλόμενος,
3047 2768 3143 2819 καὶ
3181 2767 3281 2838 τὴν
3320 2769 3480 2824 ἁδού-

1879 2855 2051 2909 λωτον
2083 2854 2267 2928 ψυχὴν
2291 2915 2295 2919 ν
2319 2852 2696 2927 χειρώσασθαι
2730 2857 2796 2927 τῇ
2839 2857 2942 2927 τῆς
2979 2860 3163 2928 ’.τυρΞς
3209 2857 3352 2927 ζψει,
3397 2859 3481 2920 είς

1882 2947 2053 3020 μέσον
2096 2948 2302 3019 ταύτην
2355 2948 2643 3002 ἐνέϐαλεν·
2689 2948 2878 3019 ἐπειδὴ
2924 2950 3109 3004 τοίνυν
3148 2949 3248 3021 τὴν
3298 2949 3481 3023 πυρὰν

1879 3041 2077 3112 ἀνῆψε,
2104 3042 2202 3094 καὶ
2230 3042 2263 3113 ὴ
2294 3040 2526 3111 κάμινος
2554 3041 2863 3104 ἀνεκαίετο,
2888 3042 2984 3094 καί⁵
3019 3041 3157 3113 πρὸς
3192 3041 3326 3112 ὕψος
3350 3044 3481 3115 ᾕρε-

1880 3150 1943 3187 το
1990 3120 2172 3204 μέγα,
2218 3132 2395 3185 ταῦτα
2448 3124 2724 3203 βλέπουσα
2766 3134 2800 3203 ή
2850 3135 3100 3206 μακαρία
3132 3134 3343 3206 μάρτυς
3382 3137 3482 3190 ἀν-

1883 3227 2086 3297 ήπτετο
2108 3226 2204 3297 καὶ
2230 3224 2371 3296 αὐτὴ
2392 3226 2459 3295 τῇ
2480 3222 2781 3296 προθυμίᾳ,
2800 3226 2894 3279 καὶ
2920 3226 3103 3291 ἀνέζει
3128 3226 3206 3299 τῷ
3226 3228 3361 3301 πυρὶ
3389 3228 3481 3282 τοῦ

1883 3316 2125 3388 Χριστοῦ
2150 3314 2343 3380 πόθου,
2365 3315 2476 3369 τῶν
2499 3316 2669 3386 τριῶν
2693 3316 3109 3390 ἀναμνησθεῖσα
3136 3319 3365 3382 παίδων,
3388 3322 3485 3375 καὶ

1883 3408 2221 3481 λογισαμένη
2260 3407 2399 3480 πρὸς
2444 3407 2683 3479 ἑαυτὴν,
2719 3408 2809 3462 ὅτι
2842 3412 3095 3462 κοινωνεῖ
3140 3412 3255 3474 τοῖς
3300 3410 3487 3485 ἄθλοις

1886 3501 2139 3565 ἐκείνοις,
2179 3501 2277 3555 καὶ
2306 3501 2433 3564 τοὺς
2459 3500 2659 3562 αὐτοὺς
2696 3500 3023 3571 ἐπιφέρεται
3054 3503 3353 3572 στεφάνους
3382 3503 3485 3557 αὐ-

1886 3594 2019 3655 τοῖς.
2044 3592 2159 3644 Kal
2187 3590 2441 3661 καθάπερ
2468 3592 2518 3643 οί
2544 3591 2850 3661 μεμηνότες
2878 3590 3032 3645 οὐδὲν
3054 3591 3163 3646 τῶν
3190 3593 3486 3664 ὁρωμένων

1890 3681 2182 3753 βλέπουσιν
2226 3681 2303 3745 ὡς
2351 3680 2537 3746 ἐστιν,
2595 3678 2753 3735 ἀλλά
2788 3681 2893 3736 κᾶν
2945 3680 3099 3751 ξίφος
3144 3684 3488 3755 ἠκονημένον

1889 3774 2064 3836 ῑδωσι,
2108 3771 2438 3827 κυϐιστῶσιν
2480 3771 2756 3840 εὐκόλως,
2802 3772 2907 3829 κᾶν
2938 3772 3139 3845 πυράν,
3169 3773 3274 3829 κᾶν
3317 3774 3489 3847 βάρα-

1891 3864 2042 3937 θρον,
2073 3863 2181 3941 κάν
2213 3864 2482 3937 κρημνὸν,
2515 3863 2621 3919 κᾶν
2650 3863 2910 3934 πέλαγος,
2942 3866 3048 3919 κᾶν
3072 3865 3251 3920 ὁτιοῦν
3277 3868 3484 3941 ἕτερον,

1890 3956 2063 4020 ἀδεῶς
2100 3955 2246 4010 κατά
2288 3957 2509 4009 πάντων
2555 3956 2783 4020 ἑαυτοὺς
2822 3956 3083 4025 ἀφιᾶσιν·
3117 3957 3261 4012 οῦτω
3289 3958 3354 4030 δὴ
3395 3961 3489 4013 καὶ

1893 4048 2035 4119 αῦτη
2066 4050 2300 4120 μανεῖσα
2331 4048 2533 4120 μανίαν
2556 4048 2677 4119 οὐχὶ
2695 4047 2974 4121 τοιαύτην,
3002 4050 3080 4121 μὴ
3106 4050 3348 4119 γένοιτοί
3374 4052 3488 4105 ἀλλ’

1894 4141 2089 4212 ἐτέραν
2130 4140 2319 4211 πάσης
2352 4139 2710 4210 σωφροσύνης
2743 4140 3100 4213 σεμνοτέραν,
3136 4142 3233 4196 καὶ
3279 4143 3360 4213 τῷ
3394 4143 3489 4197 τοῦ

1896 4234 2137 4306 Χριστοῦ
2175 4234 2411 4305 βαφείσα
2452 4234 2606 4305 πόθῳ
2634 4234 2790 4287 οὐδὲν
2818 4235 2929 4287 τῶν
2971 4236 3273 4306 ὁρωμένων
3318 4235 3486 4307 ἐώρα,

1896 4326 2034 4381 ἀλλά
2062 4325 2200 4398 πρὸς
2229 4326 2321 4379 τὸν
2349 4326 2579 4397 οὐρανὸν
2611 4326 3030 4399 μεταταξαμένη
3062 4329 3155 4381 καὶ
3182 4328 3282 4400 τήν
3310 4328 3491 4400 ψυχὴν

1898 4418 2014 4470 ἐκεῖ
2054 4415 2353 4487 μεταθεῖσα
2378 4417 2598 4469 πάντων
2627 4417 2900 4485 κατεγέλα
2923 4419 3032 4471 τῶν
3060 4418 3272 4483 δεινῶν,
3307 4420 3401 4473 κα)⁵
3430 4422 3493 4473 τὸ

1899 4507 2011 4579 πῦρ
2042 4508 2164 4578 οὐχὶ
2198 4508 2332 4578 πῦρ,
2372 4506 2507 4560 ἀλλά
2534 4507 2723 4579 δρόσον
2757 4504 2897 4563 εἶναι
2927 4507 3168 4579 ἐνόμιζε.
3207 4511 3306 4565 Διά
3334 4510 3492 4565 τοῦτο

1899 4600 2010 4666 ἐγὼ
2038 4596 2136 4667 τὴν
2172 4596 2347 4666 πυρὰν
2377 4597 2615 4666 ἐκείνην,
2647 4598 2743 4651 καὶ
2781 4598 2965 4670 πηγὴν
2994 4600 3202 4654 ὑδάτων
3235 4599 3492 4672 καθαρω-

1899 4687 2090 4757 τάτην,
2117 4687 2211 4739 καὶ
2252 4686 2432 4756 βαφήν
2458 4703 2582 4739 τινα
2621 4686 2958 4758 θαυμασίαν,
2993 4691 3087 4743 καὶ
3126 4692 3494 4762 χωνευτήριον

1901 4777 2070 4833 καλῶ.
2100 4777 2211 4830 Kal
2237 4777 2345 4847 γάρ
2368 4776 2622 4847 καθάπερ
2642 4778 2699 4828 ἐν
2723 4778 3076 4851 χωνευτηρίῳ
3098 4780 3322 4851 χρυσὸς,
3346 4780 3493 4835 οὕτω

1902 4868 1997 4921 καὶ
2043 4868 2145 4938 τῆς
2193 4868 2471 4939 μακαρίας
2516 4867 2733 4937 ἐκείνης
2772 4868 2984 4939 ἡψυχὴ
3057 4869 3147 4923 διὰ
3179 4871 3279 4943 τῆς
3312 4874 3494 4943 rupi;

1900 4959 2105 5030 ταύτης
2136 4958 2501 5031 καθαρωτέρα
2540 4960 2770 5029 ἐγίνετο.
2819 4954 3222 5031 Κατετήκοντα
3245 4964 3345 5035 μὲν
3383 4966 3493 5035 γὰρ

1905 5052 2128 5124 σάρκες,
2154 5054 2248 5106 καὶ
2271 5054 2403 5106 ὀστᾶ
2425 5052 2813 5124 συνεφρύγετο,
2842 5056 2937 5109 καὶ
2960 5057 3282 5112 κατεκαίετο
3304 5058 3492 5130 νεῦρα,

1903 5142 2000 5198 καὶ
2028 5145 2057 5197 6
2087 5142 2181 5196 τοῦ
2216 5141 2469 5213 σώματος
2514 5141 2649 5212 ίχὼρ
2676 5137 3018 5215 ’πανταχόθεν
3063 5146 3353 5219 κατέρρειυ
3389 5148 3488 5217 τῆς

1902 5237 2079 5307 ψυχῆς
2109 5234 2229 5305 δέή
2270 5234 2453 5298 πίστις
2490 5235 2823 5307 στερροτέρα
2871 5236 2966 5289 καὶ
3008 5237 3336 5311 φαιδροτέρα
3376 5240 3494 5309 ἐγί-

1906 5346 2048 5383 νετο.
2085 5330 2344 5383 Κάκεῖνοι
2396 5327 2495 5398 μὲν
2536 5325 2707 5381 ταῦτα
2747 5328 2981 5400 ὁρῶντες
3018 5330 3271 5402 ἐνόμιζον
3324 5334 3497 5404 αὐτὴν

1906 5419 2262 5486 ἀπόλλυσθαι,
2295 5419 2433 5489 αὐτὴ
2455 5418 2511 5471 δὲ
2542 5418 2926 5491 ὲξεκαθαίρετο
2949 5422 3172 5493 μᾶλλον,
3199 5426 3294 5478 καὶ
3327 5425 3499 5479 καθά-

1909 5530 2015 5583 περ
2057 5512 2119 5565 τὸ
2159 5510 2381 5582 χρυσίον
2426 5512 2456 5564 6
2502 5511 2599 5580 μὲν
2636 5511 2850 5583 ἰδιώτης
2881 5514 3055 5578 ἑστὼς
3103 5518 3197 5569 καὶ
3229 5518 3374 5588 ὀρῶν
3401 5536 3498 5588 τη-

1907 5604 2137 5675 κόμενον
2166 5604 2260 5656 καὶ
2287 5604 2591 5674 καταρρέον
2620 5605 2713 5657 καὶ
2736 5606 3176 5678 ἀναμιγνύμενον
3200 5612 3264 5680 τῇ
3291 5610 3488 5683 τέφρᾳ,

1914 5694 2250 5751 ἀπολωλέναι
2306 5694 2401 5748 καὶ
2450 5696 2772 5768 διεφθάρθαι
2805 5698 3036 5769 νομίζει,
3067 5702 3095 5754 6
3136 5700 3192 5753 δὲ
3246 5700 3500 5775 τεχνίτης

1910 5789 2003 5842 καὶ
2060 5788 2303 5860 ἀκριϐῶς
2360 5786 2532 5843 ταῦτα
2589 5789 2950 5862 ἐπιστάμενος
3010 5789 3150 5846 οἶδεν
3201 5792 3282 5847 ὅτι
3327 5796 3499 5867 ταύτῃ

3135 5900 3209 5960 18
