4084 6472
634 281 738 338 689

628 390 1009 466 καθαρώτερον
1042 393 1268 464 γίνεται,
1306 397 1398 450 καὶ
1438 397 1574 468 μετά
1620 397 1863 471 πύρωσιν
1899 398 2031 454 αὐτὸ
2068 398 2199 451 πάν-

1285 278 1344 335 S.
1382 276 1667 336 JOANNIS
1703 268 2193 338 CHRYSOSTOMX
2232 280 2558 340 ARCIIIEP.
2599 285 3149 345 CONSTAFTINOP.

3773 294 3886 351 σῦν

2306 401 2581 468 Αἰγύπτου
2619 404 2949 475 μετεφέρετο
2978 406 3055 467 εἰς
3088 404 3484 474 Παλαιστίνηνς
3512 405 3569 458 ἐν
3598 404 3709 476 γὰρ
3738 394 3907 478 949—-

628 485 783 537 τοθεν
821 484 969 557 [694]
998 486 1213 558 ἀνασπᾷ
1241 487 1492 559 λαμπρὸν
1516 489 1806 560 συλλέγωνο
1833 491 1972 543 οὕτω
1998 489 2062 561 δὴ
2109 490 2201 543 καὶ
2304 492 2482 562 τύρων
2516 495 2706 567 μνήμῃ
2724 495 2791 548 τὰ
2817 494 3041 549 τοιαῦτα
3067 496 3302 566 μάλιστα
3332 495 3609 561 ἐξετάζειν
3638 499 3881 568 ἀνάγκη.

628 574 717 624 ἐπ’
760 572 973 644 ἐκείνης
1025 575 1074 626 οἱ
1128 576 1228 644 μὲν
1271 576 1486 629 ἄπιστοι
1543 579 1853 650 τηκομένην
1884 577 2053 647 αὐτῆς
2100 578 2197 649 τὴν

630 665 807 735 σάρκα
833 665 1068 735 ὁρῶντες
1110 667 1204 721 καὶ
1229 668 1661 739 καταρρέουσαν,
1704 669 1948 741 ἐνόμιζον
1992 670 2196 741 τέφραν

626 754 868 823 γίνεσθαι
892 757 987 809 καὶ
1016 756 1183 821 κόνιν,
1210 759 1257 809 οἰ
1288 758 1342 811 δὲ
1369 761 1551 813 πιστοὶ
1578 761 1781 831 σφόδρα
1807 760 2047 831 ἀκριϐῶς
2076 760 2196 831 ᾔδεε

627 864 745 913 σαν,
779 848 862 901 ὅτι
907 849 1187 919 τηκομένη
1238 851 1418 904 πᾶσαν
1469 851 1782 904 ἀποτίθεται
1830 851 2054 921 κηλῖδα,
2104 852 2194 905 καὶ

622 939 979 1013 λαμπροτέρα
1010 941 1211 995 ἄνεισιν
1255 942 1563 1014 ἀφθαρσίαν
1596 944 1961 997 ἀπολαϐοῦσα.
1999 947 2110 999 Καὶ
2135 947 2192 999 ὲν

623 1022 757 1103 αὐτῇ
786 1037 849 1104 τῇ
880 1035 1060 1105 πυρᾷ,
1095 1034 1199 1104 πρὸ
1225 1024 1325 1104 τῆς
1361 1035 1727 1098 ἀναστάσεως,
1760 1036 1858 1105 οὐχ
1884 1035 1959 1099 ὡς
2001 1036 2191 1106 ἔτυχεν

622 1126 842 1195 ἐκράτει
872 1126 981 1179 τῶν
1013 1125 1403 1198 ἀντικειμένων
1426 1126 1704 1197 δυνάμεων
1722 1144 1736 1158 ·
1765 1129 1820 1181 αἱ
1846 1128 1954 1199 γὰρ
1988 1128 2188 1197 σάρκες

620 1216 862 1270 λυθεῖσαι
900 1218 978 1288 τῷ
1033 1220 1187 1289 πυρὶ,
1242 1220 1333 1272 καὶ
1388 1219 1558 1288 ψόφον
1605 1219 1997 1287 ἀποτελοῦσαι,
2050 1223 2189 1292 μετά

620 1306 817 1375 πολλῆς
850 1306 1019 1370 αὐτὰς
1063 1306 1161 1376 τῆς
1189 1307 1500 1377 περιουσίας
1528 1307 1835 1378 ἐτρέποντο.
1881 1310 1990 1363 Καὶ¹
2020 1310 2187 1363 καθά-

617 1415 722 1468 περ
793 1396 1125 1469 στρατιώτης
1191 1400 1434 1465 γενναῖος
1514 1397 1654 1449 ὅπλα
1717 1399 1891 1468 χαλκᾶ
1946 1398 2185 1470 περιθεὶς

535 1464 549 1481 ⁸
617 1464 816 1562 ἐαυτῷ,
842 1464 937 1543 καὶ
962 1464 1109 1559 αὐτῷ
1138 1464 1217 1559 τῷ
1247 1490 1402 1559 ψόφῳ
1433 1489 1540 1541 τῶν
1578 1464 1758 1543 ὅπλων
1795 1492 1917 1554 τοὺς
1949 1464 2183 1544 δειλοτέ-

618 1599 743 1652 ρους
770 1580 1131 1651 καταπλήττει
1160 1580 1268 1632 τῶν
1301 1582 1636 1635 ἀντιπάλων
1669 1580 1811 1635 οὓτω
1838 1581 1900 1652 δὴ
1940 1581 2033 1647 καὶ
2064 1582 2183 1633 τότε

615 1675 648 1743 ἡ
685 1672 928 1744 μακαρία
956 1674 1147 1743 Δροσ“ις
1182 1672 1257 1742 τῷ
1284 1671 1439 1743 ψόφῳ
1467 1672 1560 1725 τοῦ
1600 1672 1868 1744 δέρματος
1896 1672 1995 1737 τάς
2030 1672 2184 1727 δυνά-

610 1781 736 1836 μεις
763 1764 976 1827 ἐκείνας
1002 1763 1321 1833 ἐφυγάδευε,
1352 1764 1448 1816 καὶ
1480 1764 1539 1816 οὐ
1574 1764 1745 1834 τούτῳ
1778 1766 1924 1835 μόνῳ
1949 1763 2026 1835 τῷ
2054 1765 2182 1836 τρό-

614 1874 719 1928 πῳ.
782 1856 918 1910 ἀλλά
972 1855 1066 1909 καὶ
1111 1855 1282 1925 ἑτέρῳ
1322 1853 1482 1907 πάλιν
1538 1854 1637 1907 οὐκ
1683 1855 1922 1909 ἐλάττονι
1967 1855 2178 1908 τούτου.

546 1994 571 2009 ,
624 1944 793 2017 Ὁμοῦ
821 1964 878 1999 τε
907 1946 1015 2017 γὰρ
1043 1945 1294 2021 ἐπέϐαινε
1320 1945 1420 2016 τῆς
1445 1948 1643 2016 πυρᾶς,
1673 1947 1766 1999 καὶ
1795 1947 2001 2010 καπνὸς
2028 1948 2183 2000 ἀνελ-

613 2038 721 2090 θὼν
746 2040 826 2100 εἰς
854 2036 988 2107 ὕψος
1015 2023 1106 2091 καὶ
1135 2035 1226 2090 τὸν
1249 2037 1385 2107 ἀέρα
1410 2035 1717 2107 κατασχὼν,
1740 2038 1865 2099 τοὺς
1887 2036 2023 2089 κατὰ
2047 2037 2181 2108 ἀέρα

611 2130 869 2200 δαίμονας
895 2130 1223 2199 πετομένους
1255 2129 1552 2196 ἀπέπνιγεν
1586 2129 1849 2191 ἅπαντας,
1882 2128 1973 2181 τὸν
2002 2128 2181 2180 διάϐο-

610 2222 699 2276 λον
732 2222 1060 2293 ἀπήλαυνεν,
1089 2220 1253 2275 αὐτοῦ
1285 2219 1379 2272 τοῦ
1408 2220 1569 2291 ἀέρος
1608 2219 1706 2290 τὴν
1737 2220 1898 2287 φύσιν
1925 2220 2180 2290 ἀπέσμη-

611 2332 723 2387 χεν.
770 2312 986 2384 Ἐπειδὴ
1014 2312 1122 2384 γὰρ
1153 2310 1439 2382 ἐμολύνετο
1468 2311 1658 2381 καπνῴ
1683 2312 1761 2381 τῷ
1789 2311 1895 2364 τῶν
1924 2310 2175 2373 εἰδώλων,

609 2408 867 2477 *ἀντανίη
892 2405 1307 2475 καπνὸςνέτερος
1343 2403 1441 2474 τὴν
1469 2403 1526 2469 ἐξ
1556 2405 1779 2457 ἐκείνων
1823 2403 2179 2474 ἐγγινομένην

610 2498 756 2569 αὐτῷ
782 2499 972 2569 κηλῖδα
1000 2498 1293 2566 καθαίρων.
1323 2498 1431 2552 Καὶ
1461 2498 1494 2568 ἡ
1525 2496 1709 2566 πηγῆς
1738 2496 1794 2549 δὲ
1822 2496 1983 2550 εἰκὼν
2008 2497 2180 2567 ἁρμό-

611 2608 751 2645 σειεν
779 2590 845 2644 ἀν
871 2590 1055 2661 ἐκείνῃ
1087 2592 1153 2661 τῇ
1185 2591 1353 2661 πυρᾷ,
1387 2588 1654 2659 Καθάπερ
1690 2587 1797 2657 γὰρ
1836 2587 1894 2638 ἐν
1925 2588 1991 2657 τῇ
2029 2588 2175 2656 πηγῇ

611 2684 821 2755 ἱμάτιον
847 2682 1248 2751 ἀποδυσαμένη,
1276 2680 1369 2733 καὶ
1398 2678 1459 2733 τὸ
1489 2680 1647 2751 σῶμα
1677 2678 2058 2750 φαιδρύνουσα,
2082 2678 2175 2732 οὐ·

605 2793 713 2839 τως
754 2776 811 2827 ἐν
845 2774 1024 2843 ἐκείνη
1057 2776 1123 2843 τῇ
1153 2771 1310 2839 φλογὶ
1333 2770 1430 2841 τὴν
1467 2771 1644 2841 σάρκα
1680 2772 1779 2841 τὴν
1820 2770 2017 2839 ἑαυτῆς
2050 2772 2175 2842 ίμα-

604 2866 719 2918 τίου
756 2863 954 2927 παντὺς
986 2860 1348 2931 εὐκολώτερον
1387 2858 1695 2929 ἀποθεμένη
1728 2860 1821 2911 καὶ
1862 2858 1961 2928 τὴν
2000 2858 2175 2930 ψυχὴν

605 2954 1016 3028 λαμπρύνουσα,
1047 2952 1181 3024 πρὸς
1207 2951 1297 3005 τὸν
1330 2951 1559 3021 νυμφίον
1581 2950 1839 3020 ἠπείγετο
1861 2951 2175 3021 δᾳδουχούν-

606 3065 712 3101 των
741 3046 987 3115 ἀγγέλων
1018 3044 1206 3113 αὐτήν.
1237 3043 1301 3096 El
1327 3042 1433 3111 γάρ
1458 3042 1547 3094 τὸν
1574 3041 1824 3113 Λάζαρον
1853 3043 2058 3095 ἐκεῖνον
2084 3043 2173 3095 τὸν

606 3137 919 3208 ἡλκωμένον
942 3134 1160 3203 ἄγγελοι
1195 3132 1327 3203 πρὸς
1352 3132 1477 3194 τοὺς
1504 3132 1737 3195 κόλπους
1765 3133 2049 3201 ἀπήγαγον
2080 3133 2173 3186 τεῦ

617 3226 864 3296 Ἀϐραάμ
886 3266 899 3288 ,
931 3223 1111 3296 πολλῷ
1150 3223 1346 3295 μᾶλλον
1378 3221 1582 3293 ταύτην
1614 3221 2033 3292 δορυφοροῦντες
2066 3224 2174 3275 άπ-

603 3318 770 3392 ῄεσαν
800 3318 1046 3388 καθάπερ
1074 3316 1137 3371 ἐκ
1168 3332 1310 3378 τινος
1334 3315 1483 3385 ίεράς
1506 3314 1774 3377 παστάδος
1793 3314 1884 3367 καὶ
1905 3314 2171 3384 νυμφικοῦ

604 3410 846 3481 θαλάμου
875 3409 975 3480 τῆς
1002 3408 1231 3478 καμίνου
1266 3404 1675 3477 παραλαϐόντες
1697 3405 1889 3477 αὐτὴν,
1914 3409 2008 3459 καὶ
2036 3408 2171 3475 πρὸς

600 3501 693 3555 τὸν
719 3501 830 3554 ἀνω
856 3518 917 3553 νυ
927 3498 1119 3571 μφῶνα
1139 3496 1450 3565 ἀνάγοντες.
1477 3496 1632 3558 Τίνος
1654 3496 1711 3549 δὲ
1743 3495 1925 3549 ἕνεκεν
1953 3496 2045 3551 καὶ
2078 3497 2171 3566 βα-

604 3592 709 3662 φὴν
741 3590 953 3661 ἐκείνην
995 3588 1229 3642 ἐκάλεσα
1261 3586 1359 3658 τὴν
1406 3588 1617 3657 πυράν;
1662 3588 1785 3640 ’Ότι
1824 3586 2076 3657 καθάπερ
2113 3588 2171 3641 ἐν

604 3684 749 3753 βαφῇ
800 3679 905 3735 τινι
960 3680 1251 3750 θαυμαστῇ
1294 3678 1547 3749 πορφύρα
1602 3678 1867 3750 γενομένη
1920 3678 2169 3749 βασιλικὴ

602 3773 739 3839 πρὸς
760 3772 849 3825 τὸν
872 3772 983 3825 ἀνω
1005 3769 1227 3840 βασιλέα
1253 3769 1550 3841 ἐπέμπετο,
1573 3772 1664 3823 καὶ
1689 3771 1825 3847 μετά
1851 3771 2053 3841 πολλῆς
2074 3774 2171 3839 τῆς

602 3862 915 3934 παρρησίας
958 3860 1068 3914 τῶν
1112 3860 1377 3931 οὐρανίων
1415 3860 1617 3929 ἀψίδων
1659 3860 1963 3928 ἐπέϐαινεν,
2005 3861 2169 3915 αὐτοῦ

600 3953 695 4006 τοῦ
725 3949 964 4022 Χριστοῦ
1000 3951 1217 4021 ἀοράτῳ
1253 3950 1397 4019 χειρὶ
1425 3951 1523 4019 τὴν
1569 3949 1727 4018 ἀγίαν
1751 3951 1850 4020 τῆς
1895 3951 2169 4023 μάρτυρος

602 4038 921 4109 κατέχοντος
957 4036 1241 4107 κεφαλὴν,
1273 4037 1367 4089 καὶ
1396 4035 1647 4109 καθάπερ
1689 4039 1747 4090 ἐν
1787 4037 1939 4092 ὕδατι
1982 4039 2170 4110 βαπτί-

601 4126 782 4197 ζοντος
813 4125 980 4197 αὐτὴν
1020 4125 1103 4195 τῷ
1137 4124 1291 4196 πυρί.
1332 4126 1397 4178 Ὢ
1443 4124 1763 4196 θαυμαστῆς
1804 4129 2017 4197 πυράςί
2061 4126 2170 4181 οἷον

600 4194 746 4287 εἶχεν
778 4194 1227 4288 ένδοννθησαυρὸν
1258 4216 1357 4286 τὴν
1392 4194 1562 4270 κόνινή
1587 4194 1800 4289 ἐκείνην
1836 4194 1929 4274 καὶ
1953 4219 2050 4291 τὴν
2085 4223 2171 4275 τέ-

600 4328 744 4383 φραν
794 4311 993 4373 παντὸς
1044 4310 1265 4380 χρυσίου
1312 4310 1669 4381 τιμιωτέραν,
1717 4310 1932 4364 πάντων
1984 4312 2177 4383 μύρων-

599 4402 995 4473 εὐωδεστέραν,
1051 4402 1265 4455 πάντων
1315 4400 1476 4454 λίθων
1526 4402 1960 4473 τιμαλφεστέραν
1989 4405 2001 4456 ἰ
2031 4404 2170 4457 Ὅσα

599 4494 708 4564 γάρ
732 4492 831 4546 οὐκ
871 4492 1040 4562 ἰσχύει
1076 4491 1302 4555 πλοῦτος
1330 4494 1424 4545 καὶ
1454 4494 1698 4564 χρυσίον,
1730 4495 1964 4548 τοσαῦτα
1998 4495 2168 4565 ἰσχύει

602 4584 894 4657 μαρτύρων
941 4584 1187 4655 λείψανα.
1240 4586 1476 4656 Χρυσίον
1525 4586 1622 4655 μὲν
1671 4587 1780 4657 γὰρ
1835 4587 1958 4642 οὔτε
2015 4589 2167 4641 νόσον

596 4676 847 4748 ἀπήλασε
874 4676 1093 4729 πώποτε
1113 4716 1129 4741 ,
1159 4675 1282 4729 οὐτε
1314 4677 1541 4731 θάνατον
1572 4679 1923 4747 ἐφυγάδευσε,
1964 4679 2169 4750 μαρτύ-

601 4787 710 4841 ρων
733 4770 789 4823 δέ
814 4771 947 4824 ὀστᾶ
973 4771 1256 4843 ἀμφότερα
1282 4771 1456 4826 ταῦτα
1486 4772 1795 4844 εἰργάσατο,
1832 4774 1899 4827 τὰ
1943 4777 2038 4845 μὲν
2076 4778 2167 4829 ἐπὶ

597 4860 706 4915 τῶν
735 4862 1014 4933 προγόνων
1049 4862 1156 4915 τῶν
1190 4863 1506 4934 ἡμετέρων,
1537 4866 1604 4916 τὰ
1638 4862 1693 4915 δὲ
1734 4864 1827 4915 καὶ
1870 4866 1950 4932 ἐφ’
1987 4865 2169 4936 ἡμῶν,

598 4952 708 5004 Καὶ
743 4951 916 5005 ταῦτα
946 4952 1043 5022 οὐχ
1080 4953 1237 5023 ἡμεῖς
1281 4954 1439 5022 μόνον
1462 4993 1476 5017 ,
1515 4953 1651 5007 ἀλλά
1686 4954 1779 5005 καὶ
1821 4956 1873 5008 οἱ
1915 4956 2021 5025 πρὸ
2068 4956 2166 5024 τῆς

599 5044 899 5115 παρουσίας
922 5043 1016 5097 τοῦ
1046 5044 1280 5115 Χριστοῦ
1308 5046 1588 5116 γενόμενοι
1616 5046 1813 5098 δίκαιοι
1847 5048 1985 5113 μετά
2010 5049 2164 5119 ἀκρι-

597 5135 747 5199 ϐείας
789 5137 932 5190 ἴσασι
969 5137 1294 5206 φιλοσοφεῖν,
1329 5140 1417 5190 ὅτε
1459 5139 1674 5192 πάντων
1714 5137 2034 5203 ἐξελθόντων
2069 5142 2165 5193 Δί-

597 5226 827 5296 γύπτου,
858 5231 952 5281 καὶ
990 5229 1098 5282 τῶν
1129 5230 1225 5300 μὲν
1257 5230 1497 5301 χρυσίον,
1526 5229 1719 5285 τῶνδὲ
1750 5230 2016 5301 ἀργύριο)
2049 5233 2169 5286 ἐπι-

598 5320 931 5392 φερομένων,
975 5324 1004 5374 6
1042 5322 1248 5393 Μωσῆς
1296 5324 1417 5377 ἀντὶ
1459 5324 1691 5378 πλούτου
1726 5326 1924 5388 παντὸς
1962 5324 2029 5377 τὰ
2073 5327 2163 5379 τοῦ

609 5410 805 5481 Ἰωσὴφ
851 5414 983 5465 ὀστᾶ
1022 5413 1201 5467 λαϐὼν
1245 5415 1567 5486 ἐπεφέρετο,
1599 5418 1867 5489 θησαυρὸν
1913 5420 2165 5491 μέγιστον

597 5501 692 5554 καὶ
743 5502 951 5572 μυρίων
990 5503 1226 5574 γέμοντα
1270 5504 1487 5573 ἀγαθῶν
1539 5507 1657 5578 μεθ’
1692 5509 1881 5564 ἑαυτοῦ
1925 5511 2164 5581 κομίζων

596 5591 796 5648 ἅκαδε.

671 5679 826 5752 ιθυε]
842 5682 903 5735 ε’.
935 5683 1070 5737 Ἀλλ’
1096 5684 1224 5750 ἴσως
1245 5687 1386 5743 εἴποι
1410 5706 1490 5753 τις
1514 5690 1578 5744 ἀν
1621 5692 1728 5745 Καὶ
1744 5692 1884 5757 τίνος
1907 5693 2089 5748 ἕνεκεν
2108 5694 2165 5759 ἐξ

2305 582 2414 634 Καὶ
2449 584 2557 654 γάρ
2597 584 2781 636 πολλοὶ
2811 585 2938 655 περὶ
2979 585 3157 655 ταφῆς
3194 585 3737 658 ἀκριϐολογούμενοι,
3786 592 3883 642 καὶ

2301 676 2414 737 τοῖς
2445 677 2815 747 προσήκουσιν
2847 677 3297 748 ἐπισκήπτοντες,
3327 680 3475 743 ὅπως
3503 681 3607 735 κᾶν
3636 681 3881 751 ἀλλαχοῦ

2299 763 2501 833 τύχωσι
2530 764 2946 836 τελευτήσαντες
2969 803 2987 831 ,
3014 767 3151 819 οίκοι
3174 766 3502 839 κομίσαντες
3532 769 3733 823 ἐκεῖνοι
3780 770 3883 823 αὐ⁸

2298 856 2424 920 τοὺς
2470 857 2855 929 κατορύξωσιν,
2901 855 3020 910 εἶτα
3066 858 3161 910 ἐπὶ
3214 859 3549 930 μικροψυχίᾳ
3582 860 3675 913 διὰ
3719 860 3881 914 τοῦτο

2300 949 2443 1017 παρ’.
2460 948 2616 1018 ἡμῶν
2637 948 3030 1018 σκωπτόμενοι,
3072 947 3277 1019 ταύτην
3300 950 3431 1019 ἡμῖν
3465 949 3882 1019 προεϐάλλοντο

2296 1038 2393 1108 τὴν
2432 1038 2691 1109 ίστορίαν,
2718 1040 2811 1090 καὶ
2837 1039 3098 1107 λεγόντων
3127 1038 3281 1109 ήμῶν
3298 1040 3380 1092 ὅτι
3398 1038 3549 1092 οὐδὲν
3574 1040 3858 1110 διαφέρει,

2296 1128 2360 1180 ἄν
2379 1146 2439 1181 τε
2462 1130 2598 1182 οίκοι
2623 1147 2723 1193 τις,
2750 1129 2814 1183 ἄν
2841 1147 2900 1181 τε
2928 1130 3021 1182 ἐπὶ
3046 1129 3148 1198 τῆς
3169 1129 3462 1201 ἀλλοτρίας
3487 1130 3630 1204 τύχῃ
3657 1133 3867 1200 ταφῆς,

2293 1218 2477 1287 ἔλεγον
2495 1235 2508 1249 ’
2542 1219 2750 1272 Οὐκοῦν
2780 1219 2925 1282 τίνος
2958 1219 3164 1283 ἕνεκεν,
3199 1220 3248 1273 εἰ
3276 1219 3443 1290 μηδὲν
3471 1221 3740 1291 διαφέρει,
3766 1221 3882 1274 ἀπὸ

2293 1310 2389 1381 τῆς
2431 1310 2708 1377 Αἰγύπτου
2740 1309 2809 1363 τὰ
2851 1309 2985 1362 ὀστᾶ
3032 1308 3212 1363 λαϐὼν
3257 1310 3351 1364 τοῦ
3398 1311 3593 1381 Ἰωσὴφ
3640 1314 3725 1375 είς
3774 1313 3885 1378 τὴν

2292 1401 2649 1473 Παλαιστίνην
2674 1402 2929 1470 ἐκόμισεν
2952 1402 2980 1454 6
3005 1401 3244 1471 Μωσῆςς
3283 1400 3425 1470 Ἐγὼ
3451 1402 3508 1455 δὲ
3545 1404 3640 1456 καί.
3676 1402 3872 1473 μεῖζον

2291 1492 2422 1561 ἐρῶ,
2451 1493 2533 1545 ὅτι
2565 1494 2624 1545 οὐ
2659 1492 2816 1563 μόνον
2847 1494 2876 1545 6
2903 1492 3109 1561 Μωσῆς
3152 1491 3366 1560 ἔλαϐεν,
3399 1491 3515 1545 ἀλλ’
3556 1494 3641 1546 ὃτι
3670 1494 3879 1546 κάκεί-

2288 1597 2376 1643 νος
2419 1579 2683 1633 τελευτῶν
2726 1579 3045 1635 ἐνετείλατο.
3093 1579 3168 1633 Τδ
3222 1579 3331 1650 γὰρ
3369 1580 3433 1650 δὴ
3478 1579 3665 1651 μεῖζον
3712 1581 3878 1634 τοῦτό

2290 1670 2436 1724 ἐστιν
2459 1686 2474 1701 ο
2521 1668 2849 1739 Ἐπίσκοπῇ
2885 1669 3024 1741 γὰρ,
3061 1672 3246 1742 φησὶν,
3276 1670 3604 1740 ἐπισκέψαι
3640 1672 3802 1741 ὑμᾶς
3839 1675 3879 1728 ὀ

2292 1760 2455 1826 Θεὸς,
2492 1759 2590 1814 καὶ
2618 1761 2893 1816 ἀνοίσετε
2923 1760 2997 1814 τὰ
3021 1759 3171 1815 ὀστᾶ
3194 1778 3336 1830 μου.
3380 1761 3535 1825 Τίνος
3557 1757 3655 1816 οὖν
3680 1763 3881 1816 ἕνεκεν

2289 1852 2537 1915 κάκεῖνος
2576 1845 2717 1919 εἷπε,
2754 1853 2848 1905 καὶ⁹
2876 1845 3032 1916 οὗτος
3077 1833 3384 1923 ἐπήκουᾶες
3430 1840 3526 1907 καὶ
3565 1853 3679 1925 γὰρ
3714 1854 3872 1919 ἀξιον

2290 1938 2567 2011 ζητήσεως
2596 1941 2989 2012 τὸλεγόμενον.
3029 1941 3093 1993 τι
3128 1939 3345 2009 λέγεις;
3375 1944 3404 1996 ὁ
3447 1944 3800 2014 πατριάρχης
3843 1947 3876 1997 ά

2289 2034 2703 2104 καταφρονήσας
2732 2034 2826 2103 καὶ,
2856 2036 2957 2105 τῆς
3000 2035 3282 2108 παρούσης
3310 2034 3459 2105 ζωῆς
3489 2036 3586 2089 καὶ
3635 2036 3864 2090 πάντων

2289 2121 2574 2193 ὑπεριδὼν,
2604 2116 2665 2175 οῦ
2690 2124 2787 2176 οὐκ
2818 2118 2885 2194 ἦν
2910 2122 3057 2189 ἄξιος
3080 2124 3107 2175 ὀ
3133 2124 3354 2194 κόσμος,
3380 2126 3408 2177 ὁ
3429 2122 3580 2189 ξένος
3598 2125 3694 2177 καὶ
3719 2142 3873 2195 παρ-

2288 2216 2547 2287 επίδημος
2566 2257 2580 2280 ,
2617 2218 2644 2269 ὀ
2700 2216 2768 2269 τὰ
2807 2217 2864 2268 ἐν
2889 2216 3138 2287 οὐρανοῖς
3168 2214 3292 2269 καθ’
3322 2215 3561 2287 ἑκάστην
3596 2219 3875 2285 φανταξόν

2290 2322 2450 2375 μενος
2477 2306 2572 2376 τὴν
2613 2305 2846 2376 ἡμέραν,
2891 2307 2920 2359 6
2962 2304 3098 2377 πρὸς
3125 2305 3225 2381 τὴν
3252 2306 3363 2360 ἀνω
3398 2305 3611 2377 βλέπων
3660 2308 3872 2379 Ἰερου-

2287 2397 2487 2469 σαλὴμ,
2516 2390 2670 2459 οὗτος
2699 2396 2861 2466 ἡνίκα
2890 2396 2987 2467 μὲν
3025 2395 3123 2466 ἔζη
3150 2395 3238 2449 διά
3274 2396 3367 2450 τὸν
3393 2396 3489 2450 τοῦ
3524 2396 3663 2451 Θεοῦ
3700 2399 3872 2467 φόϐον

2287 2482 2378 2536 καὶ
2405 2484 2503 2555 τῆς
2548 2483 2805 2553 πατρίδος
2852 2484 2945 2536 καὶ
2980 2483 3079 2552 τῆς
3120 2484 3431 2556 ἐλευθερίας
3474 2484 3726 2552 ἐξέπεσε,
3768 2491 3867 2542 καὶ

2285 2571 2651 2645 δεσμωτήριον
2691 2572 2873 2643 ᾤκησε
2898 2611 2912 2635 ,
2960 2572 3053 2624 καὶ
3090 2572 3189 2626 οὐκ
3228 2574 3548 2646 ἐπεστράφη
3584 2574 3726 2647 πρὸς
3769 2576 3871 2640 τὰς

2284 2663 2573 2727 ἐπιϐουλάς
2598 2663 2813 2726 ὲκείνας
2832 2681 2846 2694 ·
2879 2664 3067 2734 ἐπειδὴ
3095 2665 3152 2717 δὲ
3189 2664 3381 2735 ἔμελλε
3411 2666 3693 2739 τελευτᾷν,
3722 2668 3871 2721 οὕτω

2287 2753 2729 2825 μικρολογεῖται,
2788 2753 2863 2817 ὡς
2913 2754 3180 2825 τοσαύτην
3233 2756 3562 2826 ποιήσασθαι
3611 2759 3858 2831 σπουδὴν

2284 2846 2423 2916 ὑπὲρ
2454 2846 2550 2915 τῆς
2587 2845 2693 2898 τῶν
2737 2846 2908 2898 ὀστῶν
2937 2847 3325 2918 μετακομιδῆς,
3359 2848 3453 2901 καὶ
3486 2851 3551 2902 ἐκ
3592 2850 3866 2905 τοσούτου

2280 2936 2646 3008 διαστήματος
2672 2934 2882 2989 κελεύει
2911 2936 2980 2988 τὰ
3009 2936 3234 3006 λείψανα
3266 2937 3566 3007 ἀνάγεσθαι
3594 2957 3611 3005 ;
3646 2942 3763 2995 Καὶ
3782 2943 3874 3005 τίς

2282 3029 2348 3083 ἂν
2374 3030 2543 3097 ταῦτα
2567 3029 2745 3095 είποι;
2773 3029 2823 3081 τί
2849 3028 2956 3097 γὰρ
2977 3026 3037 3079 τό
3064 3027 3253 3098 κέρδος
3283 3024 3373 3098 ἦν,
3396 3028 3429 3100 ἢ
3461 3032 3613 3084 ποῖον
3646 3031 3713 3084 τὸ
3738 3032 3870 3102 δεμ.

2280 3120 2370 3182 λος
2384 3120 2465 3191 ,τῷ
2492 3121 2860 3190 κατοιχομένῳ
2875 3121 2979 3172 ἀπὸ
3007 3119 3105 3189 τῆς
3134 3118 3241 3172 τῶν
3269 3120 3442 3172 ὀστῶν
3471 3119 3865 3191 μεταθέσεωςς

2282 3211 2435 3275 Τίνος
2465 3201 2766 3265 οὖν’ένεκεν
2795 3210 3143 3281 ὲπέσκηφεκκ
3173 3211 3308 3281 Οὐχὶ
3345 3210 3453 3263 τῶν
3482 3211 3661 3283 ὀστῶν
3694 3231 3873 3286 φρονξ

2278 3301 2442 3363 τίζων
2462 3342 2476 3363 ,
2507 3300 2618 3352 ἀλλ’
2647 3299 2764 3352 ἔστι
2798 3300 2898 3371 μὲν
2929 3300 3128 3365 εἰπεῖν,
3160 3299 3242 3352 δτι
3273 3298 3370 3352 καὶ
3397 3299 3505 3355 τῶν
3533 3302 3870 3371 ,Αἰγυπτίων

2278 3386 2375 3459 τὴν
2403 3387 2655 3441 ἀσέϐειαν
2679 3386 2950 3451 δεδοικώς.
2969 3386 3186 3457 Ἐπειδὴ
3207 3386 3316 3459 γὰρ
3338 3388 3509 3444 πολλὰ
3529 3392 3624 3445 καὶ
3646 3395 3871 3462 μεγάλα

2278 3478 2575 3550 εἰργάσατο
2601 3478 2802 3546 ἀγαθὰ,
2828 3478 2921 3531 καὶ
2946 3477 3178 3548 τροφεὺς
3210 3478 3392 3534 αὐτῶν
3420 3481 3514 3535 καὶ
3545 3485 3870 3557 προστάτης

2280 3572 2517 3640 ἐγένετο,
2558 3572 2654 3624 καὶ
2684 3570 2775 3624 τοῦ
2812 3569 2970 3641 λιμοῦ
3004 3569 3355 3641 παραμυθίαν
3398 3564 3526 3645 εῦρε
3563 3576 3875 3646 μεγίστην,

2278 3665 2370 3716 καὶ
2401 3663 2435 3716 ἃ
2466 3663 2654 3733 μηδενὶ
2685 3664 2875 3731 γέγονε
2911 3662 3043 3732 δῆλα
3070 3701 3084 3724 ,
3115 3661 3287 3715 ταῦτα
3317 3663 3534 3735 πρῶτος
3572 3666 3670 3720 καὶ⁷
3695 3670 3869 3738 μόνος

2278 3757 2578 3822 ἀνέπτυξε,
2616 3756 2709 3811 καὶ
2764 3758 2846 3819 εἰς
2895 3755 3061 3825 μέσον
3118 3754 3318 3824 ἤγαγε,
3350 3758 3445 3811 καὶ
3483 3757 3555 3811 τὰ
3599 3759 3867 3831 ὀνείρατα

2274 3846 2531 3911 διαλύσας
2561 3848 2621 3901 οὐ
2659 3848 2817 3919 μόνον
2846 3847 3192 3920 προεδήλωσε
3235 3850 3327 3903 τὸν
3360 3848 3541 3920 λιμὸν,
3590 3850 3729 3906 ἀλλά
3761 3857 3861 3909 καί

2277 3938 2566 4009 φάρμακον
2597 3940 2776 3993 ἱκανὸν
2804 3942 2952 4011 αὐτῷ
2975 3942 3335 4015 προαπέθετο,
3366 3938 3509 3995 οὕτω
3532 3942 3629 3996 καὶ
3656 3943 3728 3998 τὰ
3758 3963 3831 3998 τα
3851 3978 3863 3985 -

2280 4031 2408 4096 μεία
2436 4028 2532 4095 τῆς
2564 4027 2838 4094 Αἰγύπτου
2872 4019 3189 4101 πληρώσας,
3220 4031 3297 4094 ὡς
3321 4029 3525 4100 μηδένα
3558 4029 3726 4084 αὑτοῦ
3756 4033 3869 4104 τῆς

2280 4115 2579 4185 παρουσίας
2603 4115 2881 4170 αἰσθέσθαι
2901 4132 2914 4148 ο
2948 4116 3012 4171 ἵν’
3040 4113 3132 4172 οὖν
3156 4118 3231 4189 μὴ
3256 4116 3377 4180 θεὸς
3397 4117 3685 4189 νομίζηται
3715 4123 3863 4189 μετὰ

2276 4205 2530 4274 τελευτὴν
2573 4204 2659 4257 διὰ
2688 4204 2748 4257 τὸ
2782 4203 2882 4273 τῆς
2916 4206 3234 4277 εὐεργεσίας
3271 4203 3501 4275 μέγεθος
3527 4204 3684 4270 (τῶν
3720 4206 3864 4277 βαρ-

2277 4292 2458 4363 ϐάρων
2477 4292 2697 4349 ἐκείνων
2714 4291 2949 4355 εὐκόλως
2960 4291 3127 4358 ἐξάνθ
3135 4290 3333 4363 ρώπων
3351 4290 3648 4345 ποιούντων
3670 4292 3869 4358 θεοὺς,

2278 4381 2455 4451 πάσης
2487 4379 2742 4443 ἀσεϐείας
2785 4379 3024 4449 ἀναιρῶν
3077 4379 3355 4443 ὑπόθεσιν,
3416 4379 3704 4432 ἐκέλευσεν
3742 4382 3871 4434 ἀπ·-

2276 4454 2557 4538 ενεχθῆναι
2588 4466 2771 4522 οἴκαδε
2801 4466 2869 4520 τά
2902 4467 3053 4520 ὀστᾶ.
3086 4468 3199 4521 Μία
3225 4466 3322 4538 μὲν
3346 4460 3438 4519 οὖν
3467 4465 3605 4537 αῦτη
3638 4468 3860 4538 πρόφαο

2278 4573 2359 4619 σις
2383 4573 2399 4587 ν
2428 4555 2540 4609 ἐστι
2568 4556 2624 4608 δὲ
2644 4556 2746 4608 καὶ
2765 4556 2957 4626 ἑτέραν
2983 4555 3158 4607 εἰπεῖν
3184 4553 3678 4626 ἀναμφισϐήτητον
3704 4571 3719 4583 '
3753 4557 3860 4609 καὶ

2275 4643 2380 4712 γάρ
2407 4642 2513 4695 ἀπὸ
2540 4642 2648 4695 τῶν
2678 4642 2907 4713 Γραφῶν
2940 4642 3110 4712 αὐτὴν
3139 4640 3518 4694 πιστώσασθαι
3546 4641 3645 4705 ἔνι.
3679 4642 3860 4696 Ποίαν

2273 4727 2337 4798 δὴ
2367 4727 2566 4798 ταύτην
2588 4744 2602 4792 ;
2634 4728 2789 4797 ’ῌδει
2814 4727 2965 4797 παρά
2985 4726 3080 4779 τοῦ
3116 4726 3324 4797 πατρὸς
3350 4726 3612 4791 ἀκούσας,
3636 4729 3857 4783 ἐκείνου

2275 4815 2425 4885 παρά
2453 4815 2547 4868 τοῦ
2570 4815 2798 4869 πάππου
2835 4813 2990 4883 λόγον
3017 4814 3097 4877 είς
3122 4814 3286 4887 αὐτὸν
3312 4814 3713 4884 κατενεχθέντα
3746 4833 3859 4887 μα-

2275 4899 2474 4964 θόντος,
2524 4902 2606 4954 ὅτι
2655 4900 2826 4953 πολλά
2855 4900 2947 4971 ἐτη
2982 4886 3338 4954 δουλώσονται
3373 4902 3469 4954 καὶ
3501 4900 3861 4957 κακώσουσιν

2272 4991 2465 5053 αὐτοὺς
2509 4994 2556 5043 οἱ
2592 4988 2900 5057 Αἰγύπτιοι.
2932 4989 3137 5043 Ἔσται
3174 4989 3282 5059 γὰρ
3325 4988 3393 5044 τὸ
3438 4986 3678 5059 σπέρμα
3731 5007 3858 5045 σου

2273 5077 2555 5146 πάροικον
2579 5079 2649 5131 ἐν
2676 5077 2753 5147 τῇ
2780 5076 3087 5144 ἀλλοτρίᾳ,
3113 5077 3210 5130 καὶ
3234 5076 3657 5132 δουλώσουσιν
3675 5080 3853 5146 αὐτὸ,

2273 5167 2367 5220 καὶ
2394 5166 2775 5221 κακώσουσιν
2797 5165 2902 5232 ἔτη
2926 5165 3298 5231 τετρακόσια,
3326 5165 3355 5217 ὁ
3377 5165 3510 5229 Θεὸς
3541 5164 3688 5239 [696]
3714 5170 3855 5240 πρὸς

2267 5254 2361 5308 τὸν
2400 5254 2649 5325 Ἀϐραὰμ
2667 5254 2870 5321 ἔλεγεν.
2901 5252 2997 5306 Ἰν⁹
3026 5246 3118 5307 οὖν
3147 5253 3222 5324 μὴ
3264 5253 3399 5324 πρὸς
3425 5254 3486 5306 τὸ
3524 5255 3700 5325 μῆκος
3742 5262 3858 5311 ἀπ-

2272 5341 2669 5412 ἀγορεύσαντες
2712 5342 2806 5395 τοῦ
2842 5341 3058 5413 χρόνου,
3103 5342 3200 5394 καὶ
3228 5342 3327 5412 τὴν
3375 5341 3755 5417 ταλαιπωρίαν
3786 5347 3857 5399 οὐ

2272 5428 2529 5500 φέροντες
2563 5430 2839 5496 ἀπογνῶσι
2872 5429 2976 5497 πρὸ
2988 5447 3006 5490 ς
3044 5427 3141 5499 τὴν
3172 5428 3451 5493 ἐπάνοδον,
3498 5430 3591 5483 καὶ
3642 5432 3856 5487 ἀναπέ-

2274 5535 2425 5581 σωσι,
2462 5518 2719 5589 μέγιστον
2746 5519 2927 5581 αὐτοῖς
2948 5517 3198 5588 ἐνέχυρον
3222 5517 3437 5581 ἐλπίδος
3458 5518 3632 5583 διδοὺς
3664 5525 3863 5592 προεῖ.

2270 5622 2372 5658 πεν
2394 5606 2525 5677 περὶ
2551 5605 2649 5674 τῆς
2678 5604 3009 5675 ἀνακομιδῆς
3034 5602 3140 5657 τῶν
3161 5603 3353 5668 ὀστῶν,
3382 5605 3447 5657 ἵν’
3478 5608 3680 5660 ἐκείνοι
3710 5608 3861 5674 πρὸς

2271 5693 2496 5755 ἑαυτοὺς
2538 5691 2895 5760 λογιζόμενοι,
2944 5691 3023 5744 ὃτι
3069 5691 3116 5742 εἰ
3168 5691 3241 5762 μὴ
3295 5693 3496 5764 σφόδρα
3551 5693 3648 5747 χαὶ
3700 5702 3856 5772 μετὰ,
