4084 6448
191 404 430 471 misceri,
458 405 639 475 perire
664 407 932 462 existimat
952 417 1007 464 et
1034 409 1336 479 corrumpi;
1363 411 1551 467 artifex
1583 408 1785 476 autem,

187 505 245 548 et
270 509 360 563 qut
388 496 552 564 probe
578 497 680 551 ista
710 499 859 552 novit
879 539 896 564 ,
946 499 1047 555 hac
1086 501 1293 555 ratione
1319 501 1502 572 purius
1531 502 1632 555 scit
1661 502 1787 554 illud

187 588 359 654 efﬁci,
387 603 448 643 ac
477 599 596 659 post
621 592 955 646 exustionem
982 594 1154 664 ipsum
1175 594 1321 648 omni
1347 609 1412 649 ex
1436 601 1586 664 parte
1612 593 1791 663 splen-

188 677 375 750 didum
399 680 631 734 extrahit
657 690 712 737 et
743 685 1144 753 componitzsic
1174 685 1424 740 nimirum
1457 696 1511 741 et
1544 686 1630 740 isti
1659 702 1788 740 eve-

191 773 272 824 nit
292 789 306 824 :
327 771 568 827 inﬁdeles
583 774 794 842 quidem
807 791 930 831 eum
950 777 1208 847 liqueﬁeri
1229 793 1291 834 ac
1312 777 1552 834 difﬂuere
1571 776 1786 833 earnem

189 862 308 930 ejus
348 863 632 934 viderent,
685 868 738 922 in
787 869 1026 925 cinerem
1072 871 1214 926 illam
1241 881 1296 926 et
1322 872 1597 941 pulverem
1641 873 1790 928 abire

185 957 515 1024 censebant;
557 971 610 1019 at
639 958 822 1026 ﬁdeles
851 971 1037 1018 exacte
1064 973 1321 1019 noverant
1348 980 1466 1019 eam
1505 965 1575 1018 ita
1612 964 1785 1034 lique-

187 1045 388 1101 factam
417 1049 602 1104 sordes
623 1065 810 1106 omnes
831 1052 1122 1124 deponere,
1151 1064 1311 1129 atque
1337 1057 1786 1111 immortalitatem

186 1138 438 1209 adeptam
487 1143 898 1211 splendidiorem
944 1148 1257 1204 ascendere.
1286 1148 1400 1204 lmo
1427 1149 1478 1204 in
1507 1149 1625 1221 ipso
1657 1166 1787 1221 rogo

186 1240 319 1286 ante
367 1235 814 1291 resurrectionem
874 1239 1010 1293 miro
1062 1240 1293 1310 quodam
1341 1240 1500 1296 modo
1549 1240 1791 1296 vincebat

187 1323 534 1382 atlversarias
556 1336 844 1396 potestates
870 1349 884 1384 :
903 1331 1165 1401 siquidem
1189 1333 1310 1404 igne
1328 1333 1579 1388 resoluta:
1597 1349 1655 1388 ca
1665 1349 1789 1389 rues

185 1428 312 1468 cum
337 1417 617 1484 strepitum
640 1418 884 1488 ederent,
918 1421 1037 1476 illas
1061 1438 1219 1491 quam
1248 1423 1499 1479 facillime
1525 1425 1576 1478 in
1606 1423 1788 1494 fugam

190 1505 494 1560 vertebant.
528 1509 597 1562 Et
632 1511 1079 1578 quemadmodum
1100 1528 1398 1583 generosus
1439 1515 1592 1570 miles
1633 1515 1790 1570 aereis

185 1601 357 1651 armis
382 1600 741 1656 circumdatus
772 1603 886 1672 ipso
924 1605 1084 1659 etiam
1130 1620 1404 1662 armorum
1444 1607 1674 1664 stridore
1720 1608 1788 1662 ti-

194 1688 513 1745 midioribus
544 1701 801 1748 terrorem
832 1694 1020 1749 incutit
1045 1696 1398 1753 adversariis:
1421 1701 1499 1754 sic
1537 1699 1786 1753 nimirum

187 1787 245 1832 et
289 1788 414 1835 tunc
451 1783 606 1838 beata
653 1784 835 1841 Drosis
877 1788 1032 1857 pellis
1061 1789 1292 1846 stridore
1330 1801 1622 1861 potestates
1671 1793 1787 1847 illas

185 1868 407 1941 fugabat
427 1891 441 1928 :
463 1890 636 1945 neque
664 1893 792 1934 vero
820 1879 924 1938 hac
964 1883 1170 1938 ratione
1201 1893 1435 1952 tantum,
1479 1887 1574 1942 sed
1605 1895 1657 1942 et
1684 1888 1786 1941 alia

185 1976 378 2018 rursus
419 1965 585 2022 nihilo
629 1969 729 2023 ista
774 1971 987 2027 minori.
1030 1973 1162 2029 Nam
1191 1976 1350 2031 simul
1397 1987 1559 2047 atque
1597 1995 1783 2049 rogum

192 2049 434 2120 imressa
479 2063 592 2122 est,
641 2067 697 2112 et
738 2057 913 2114 fumus
956 2062 1008 2116 in
1052 2063 1216 2117 altum
1265 2066 1563 2122 ascendens
1603 2083 1783 2124 aerem

183 2144 509 2210 occupavit,
549 2145 820 2204 daemones
850 2166 948 2221 per
991 2168 1172 2208 aerem
1212 2157 1453 2231 volantes
1497 2157 1786 2222 suﬂ'ocabat

182 2246 407 2300 omnes,
453 2234 720 2295 diabolum
760 2242 1036 2312 abigebat,
1070 2254 1125 2300 et
1153 2248 1320 2318 ipsam
1361 2260 1605 2305 naturam
1643 2255 1784 2309 acris

182 2323 548 2392 abstergebat.
597 2328 733 2385 Cum
780 2333 924 2388 enim
968 2335 1118 2391 furno
1167 2338 1430 2394 idolorum
1478 2343 1784 2412 inquinatus

180 2412 406 2480 fuisset,
453 2417 509 2472 in
544 2419 719 2478 locum
751 2422 891 2478 illius
935 2424 1110 2483 fumus
1150 2429 1289 2484 alter
1330 2432 1680 2497 ascendebat,
1728 2444 1785 2489 ut

177 2506 362 2562 illatas
391 2509 458 2564 ab
482 2510 583 2564 illis
612 2513 800 2569 sordes
829 2516 1175 2588 abstergeret.
1213 2519 1354 2577 Sane
1377 2523 1591 2593 quidem
1622 2499 1783 2582 fontis

176 2602 518 2668 comparatio
540 2605 796 2672 praeclare
819 2609 1072 2664 convenit
1097 2611 1170 2665 illi
1196 2627 1347 2683 rogo.
1368 2614 1500 2669 Nam
1520 2611 1779 2686 quemad-

178 2690 402 2743 modum
428 2694 472 2746 si
500 2693 553 2746 iu
583 2692 732 2751 fonte
760 2705 965 2752 vestem
992 2701 1247 2768 exuisset,
1272 2711 1325 2757 et
1351 2718 1547 2774 corpus
1573 2706 1780 2762 abluis-

175 2791 303 2847 εει,
351 2783 422 2837 ita
469 2799 666 2856 corpus
705 2801 862 2844 suum
907 2791 960 2847 in
1003 2793 1089 2846 illa
1138 2793 1350 2849 ﬂamma
1383 2795 1590 2852 facilius
1619 2814 1778 2868 quam

177 2883 385 2928 vestem
418 2878 660 2945 quamvis
685 2895 885 2936 exuens
907 2924 924 2951 ,
956 2892 1010 2938 et
1039 2885 1271 2941 animam
1302 2888 1521 2943 nitidam
1550 2889 1779 2945 reddens

177 2965 247 3018 ad
279 2981 537 3035 sponsum
565 2985 722 3026 suum
759 2973 826 3029 ab
868 2976 1071 3046 angelis
1112 2979 1306 3048 stipata
1350 2982 1689 3051 properabat.
1721 2984 1778 3040 Si

173 3056 324 3110 enim
349 3057 605 3114 Lazarum
630 3062 775 3117 illum
796 3064 1062 3121 ulceribus
1083 3068 1294 3138 plenum
1319 3072 1494 3140 angeli
1514 3073 1579 3127 ad
1601 3074 1777 3129 sinum

178 3149 416 3203 Abrahze
456 3152 794 3210 abduxerunt
826 3174 839 3210 :
873 3158 1043 3212 multo
1081 3162 1248 3231 magis
1293 3162 1447 3218 istam
1490 3165 1776 3223 abeuntem

172 3238 479 3308 stipabant,
510 3253 564 3297 et
595 3254 861 3316 tamquam
891 3265 959 3304 ex
989 3266 1145 3306 sacro
1184 3255 1412 3324 quodam
1444 3260 1683 3315 conclavi
1711 3275 1776 3316 ac

175 3329 416 3385 thalamo
445 3335 666 3402 nuptiali
695 3349 1050 3410 assumptam,
1079 3358 1145 3398 ex
1169 3344 1386 3402 fornace
1414 3349 1480 3404 ad
1507 3351 1775 3407 caelestem

179 3437 441 3490 sponsum
483 3426 835 3484 deducebant.
863 3432 976 3500 Qua
1007 3451 1136 3489 vero
1177 3438 1246 3493 de
1288 3455 1448 3495 causa
1492 3442 1774 3499 tincturam

173 3514 342 3567 etiam
372 3530 556 3585 rogum
586 3519 730 3574 illum
756 3524 1050 3593 appellavi?
1067 3526 1217 3592 Quod
1237 3529 1486 3584 nimirum
1506 3541 1773 3604 tamquam

178 3606 410 3696 mirabili
439 3609 665 3677 quadam
698 3611 889 3667 infecta
925 3616 1150 3672 tinctura
1177 3661 1191 3682 ,
1220 3634 1342 3674 cum
1373 3638 1601 3692 purpura
1631 3627 1774 3696 regia

173 3695 318 3752 facta
349 3710 518 3766 esset,
547 3703 613 3755 ad
640 3704 914 3760 caelestem
945 3708 1140 3778 Regem
1173 3714 1494 3781 mitteretur,
1521 3731 1583 3770 ac
1609 3695 1776 3773 multa

175 3802 300 3842 cum
334 3789 522 3846 ﬁducia
547 3794 701 3850 sedes
733 3795 848 3852 illas
872 3799 1116 3856 caelestes
1143 3783 1393 3872 latraret,
1421 3807 1561 3876 quod
1594 3808 1772 3875 ﬁebat,

171 3893 301 3934 eum
339 3883 590 3940 invisibili
627 3902 788 3943 manu
817 3905 915 3945 sua
943 3891 1188 3948 Christus
1234 3907 1477 3953 sanctum
1525 3903 1774 3972 martyris

170 3982 341 4042 caput
380 3984 624 4042 teneret,
666 3988 722 4035 et
761 3990 1028 4053 tamquam
1061 3988 1212 4057 aquis
1239 3989 1382 4044 illam
1413 3990 1642 4048 ﬂammis
1669 3994 1772 4048 im-

177 4077 468 4135 mergeret.
500 4067 544 4124 Ο
574 4071 871 4127 mirabilem
900 4079 1115 4146 rogum!
1146 4081 1356 4148 qualem
1385 4082 1528 4137 intus
1557 4084 1774 4139 thesau-

172 4170 297 4209 rum
327 4155 574 4223 habebat,
607 4163 879 4231 pulverem
903 4167 1050 4221 illum
1079 4185 1143 4223 ac
1169 4173 1402 4226 cinerem
1427 4190 1560 4229 auro
1588 4177 1777 4246 quovis

174 4247 551 4313 pretiosiorem
577 4291 591 4315 ,
625 4259 682 4307 et
724 4254 996 4322 quibusvis
1022 4264 1302 4329 unguentis
1333 4252 1735 4334 fragrantiorem
1757 4311 1772 4335 ,

175 4337 406 4403 gemmis
433 4339 706 4408 quibusvis
729 4346 1016 4402 cariorem.
1046 4350 1199 4418 Quod
1243 4355 1384 4407 enim
1432 4372 1533 4411 nec
1579 4358 1776 4416 divitia

173 4442 280 4482 nec
303 4442 492 4483 aurum
521 4443 776 4500 pnestare
806 4449 1038 4507 queunt,
1088 4442 1189 4497 hoc
1215 4444 1455 4515 reliquiae
1482 4460 1774 4521 martyrum

178 4529 440 4610 praestant
468 4539 481 4574 :
512 4524 773 4593 siquidem
813 4544 1001 4584 aurum
1050 4549 1223 4603 neque
1264 4537 1482 4592 morbos
1521 4555 1775 4610 umquam

173 4608 416 4680 depulit,
460 4629 634 4685 neque
673 4627 899 4674 mortem
940 4622 1147 4693 abegit;
1179 4641 1300 4681 ossa
1329 4643 1457 4683 vero
1483 4608 1776 4703 many—rum

177 4709 472 4772 utrumque
501 4709 876 4790 perfecerunt,
911 4714 1034 4769 illud
1062 4717 1276 4786 quidem
1318 4731 1624 4777 nostrorum
1666 4741 1778 4778 ma-

175 4791 356 4859 jorum
384 4802 543 4851 aetate
562 4840 578 4863 ,
608 4797 709 4855 hoc
731 4817 866 4857 vero
895 4815 1076 4859 n05tra
1118 4807 1281 4863 etiam
1321 4813 1564 4881 contigit.
1597 4816 1673 4868 Ae
1711 4815 1779 4871 de

178 4881 264 4936 his
303 4883 375 4936 ita
419 4899 524 4940 non
572 4890 745 4945 solum
791 4907 932 4959 uos,
978 4893 1071 4948 sed
1113 4896 1240 4964 justi
1285 4900 1482 4966 etiam,
1524 4903 1615 4972 qui
1655 4915 1779 4961 ante

175 4975 379 5030 Christi
423 4978 708 5036 adventum
740 4984 1017 5052 vixerunt,
1065 4998 1252 5045 exacte
1282 4992 1646 5064 philosophari
1679 5014 1778 5051 no-

178 5078 416 5136 verunt,
454 5078 562 5140 quo
605 5083 844 5144 tempore
887 5081 1094 5134 cunctis
1120 5097 1183 5134 ex
1214 5082 1445 5152 Egypto
1475 5087 1780 5142 excedenti-

179 5160 322 5225 bus,
371 5171 428 5218 et
468 5164 588 5219 aliis
634 5167 847 5236 quidem
890 5187 1114 5240 aurum,
1161 5174 1280 5229 aliis
1327 5190 1478 5232 vero'
1500 5190 1779 5249 argentum

179 5252 570 5323 eveheutibus,
622 5257 830 5330 Moyses
872 5277 1032 5331 opum
1075 5267 1384 5335 quarumvis
1426 5269 1546 5324 loco
1581 5270 1778 5340 Joseph

178 5357 302 5398 ossa
332 5359 551 5402 sumens
578 5364 644 5403 ea
669 5350 860 5406 detulit
889 5353 1088 5424 (Exod.
1117 5358 1216 5428 13.
1257 5357 1344 5429 l9)
1374 5374 1438 5415 ac
1470 5361 1780 5419 thesaurum

179 5437 475 5493 maximum
519 5450 572 5494 et
620 5442 916 5502 innumeris
959 5447 1114 5503 bonis
1159 5450 1548 5509 redundantem
1597 5472 1779 5512 secum

176 5529 402 5583 domum
433 5532 598 5588 vexit.

253 5620 308 5676 5.
343 5621 449 5676 Sed
489 5623 628 5680 dicet
663 5625 892 5684 fortasse
919 5631 1181 5701 quispiam
1203 5652 1216 5687 :
1237 5634 1352 5704 Qua
1381 5652 1509 5693 vero
1533 5637 1601 5694 de
1621 5655 1782 5696 causa

178 5724 248 5767 ex
262 5710 500 5785 Egypto
520 5715 574 5772 in
601 5715 939 5778 Palaestinam
964 5724 1349 5784 transferebat?
1369 5729 1630 5801 siquidem
1653 5731 1780 5788 dum

1431 296 1522 354 DE
1555 296 1620 355 S.
1661 296 1954 357 DROSIDE
1989 295 2346 355 HABTYRE.

3385 281 3490 337 090

1902 423 2196 484 martyrum
2238 409 2497 466 memoria
2523 407 2825 464 celebratur
2843 447 2858 473 ,
2891 403 3013 460 talia
3039 401 3340 474 praesertim
3366 414 3491 456 exa-

1898 507 2168 580 minentur
2193 519 2416 560 necesse
2455 511 2558 558 est.
2596 501 2744 556 Multi
2784 499 2927 553 enim
2955 495 3247 567 sepultura:
3274 508 3385 549 sua:
3409 492 3493 547 di-

1896 597 2127 668 ligenter
2154 595 2500 666 providentes
2524 635 2538 658 ,
2569 610 2690 671 cum
2721 591 3036 662 pt-Opinquis
3065 588 3177 643 suis
3201 585 3488 652 mandent,

1899 697 1957 742 ut
1990 687 2035 742 si
2056 686 2193 742 forte
2223 686 2348 741 alibi
2379 701 2473 741 eos
2495 687 2628 739 mori
2669 684 2966 752 contingat,
2996 681 3048 734 iu
3089 679 3312 751 patriam
3339 693 3492 734 suam

1898 779 2187 834 translatos
2214 777 2287 832 illi
2313 776 2609 847 sepeliant;
2653 774 2849 831 deinde
2887 789 3010 829 cum
3039 772 3251 827 illorum
3276 769 3495 826 ideirco

1896 869 2385 940 pusillanimitatcm
2429 867 2754 922 irriseritnus
2778 908 2793 933 ,
2835 865 2976 920 hanc
3018 864 3173 919 nobis
3213 862 3492 917 historiam

1895 966 2446 1034 objiciunt'mumque
2469 979 2569 1019 nos
2598 963 2889 1018 dixerimus
2930 959 3061 1014 nihil
3097 959 3357 1013 interesse
3381 955 3495 1010 sive

1894 1056 2039 1111 domi
2080 1058 2236 1126 quis,
2273 1057 2392 1112 sive
2435 1073 2657 1127 peregre
2699 1055 2991 1124 sepultura:
3038 1049 3359 1114 mandetur,
3400 1062 3493 1102 re-

1895 1148 2161 1217 Spondent
2175 1167 2187 1202 :
2201 1150 2311 1204 Cur
2333 1150 2509 1219 igitur,
2529 1149 2571 1202 si
2598 1147 2726 1202 nihil
2745 1148 2987 1209 interest,
3006 1149 3275 1212 assumpta
3291 1137 3493 1208 Ioseph

1896 1255 2019 1294 ossa
2049 1240 2101 1293 in
2136 1240 2473 1294 Palaestinam
2509 1239 2781 1294 transtulit
2807 1235 3053 1306 Moyses?
3085 1234 3196 1305 Ego
3221 1246 3350 1287 vero
3377 1245 3494 1285 ma-

1891 1329 1980 1400 jus
2026 1330 2224 1401 aliquid
2266 1332 2440 1386 dicam
2467 1349 2480 1384 :
2506 1345 2610 1385 non
2647 1330 2820 1385 solum
2867 1328 3083 1398 Moyses
3120 1324 3360 1394 accepit,
3397 1321 3493 1377 sed

1894 1421 1986 1476 ille
2012 1422 2173 1476 etiam
2222 1423 2457 1478 moriens
2499 1423 2599 1476 hoc
2628 1419 2880 1491 praecepit
2904 1420 3040 1473 :boc
3084 1416 3225 1470 enim
3255 1412 3496 1483 profecto

1895 1520 1983 1567 cst"
2007 1513 2198 1583 majus.
2235 1511 2531 1567 Visitatione
2548 1514 2720 1578 enim,
2755 1508 3127 1581 inquit,uisitet
3157 1523 3244 1562 vos
3268 1505 3426 1570 Deus,
3444 1514 3495 1558 et

1894 1601 2216 1676 asportabitis
2255 1620 2370 1658 ossa
2401 1620 2511 1657 mea
2536 1602 2694 1677 (Gen.
2736 1602 2825 1657 50.
2855 1602 2970 1669 Ἡ).
2995 1598 3109 1654 Cur
3139 1599 3297 1670 igitur
3321 1607 3376 1652 et
3406 1596 3495 1650 ille

1894 1695 2062 1763 dixit,
2110 1703 2164 1749 et
2203 1688 2308 1750 iste
2331 1693 2546 1764 paruit?
2583 1691 2848 1764 siquidem
2892 1701 3095 1746 res-cst
3121 1688 3493 1759 disquisitione

1893 1785 2073 1855 digna.

1960 1877 2068 1932 Cur
2106 1877 2298 1949 Ioseph
2344 1877 2584 1947 reliquias
2621 1893 2742 1931 suas
2789 1873 3058 1944 transferri
3107 1869 3491 1938 uelit—Quid

1892 1971 2006 2026 ais?
2035 1986 2232 2042 ergone
2261 1969 2557 2040 patriarcha
2577 2009 2592 2034 ,
2619 1969 2710 2039 qui
2737 1968 2904 2022 vitam
2941 1974 3264 2036 praesentem
3303 1977 3488 2032 aslier-

1893 2062 2142 2130 nabatur,
2173 2072 2226 2118 et
2248 2063 2432 2116 omnia
2452 2059 2854 2124 contemnebat,
2888 2073 2995 2129 quo
3019 2056 3212 2126 dignus
3234 2071 3344 2109 non
3375 2064 3492 2108 erat

1893 2154 2144 2220 mundus,
2166 2154 2255 2225 qui
2281 2154 2591 2224 peregrinus
2612 2160 2668 2207 et
2687 2150 3127 2221 inquilinuSerat,
3147 2145 3485 2217 quicurlestia

1890 2248 2128 2317 quotidie
2169 2256 2349 2302 mente
2397 2234 2686 2310 versabat,
2729 2245 2819 2314 qui
2864 2257 3149 2313 supernam
3193 2239 3488 2296 Jerusalem

1890 2338 2187 2408 spectabat,
2220 2337 2310 2392 ille
2339 2336 2467 2392 dum
2494 2336 2700 2391 viveret
2727 2335 2941 2405 quidem
2963 2374 2978 2398 ,
3004 2333 3079 2387 oh
3110 2332 3201 2386 Dei
3240 2331 3487 2384 timorem

1890 2439 1946 2483 et
1976 2433 2143 2498 patria
2175 2438 2229 2484 et
2256 2428 2506 2483 libertate
2533 2428 2768 2498 privatus
2798 2434 2917 2491 est,
2948 2433 3004 2480 et
3024 2424 3082 2478 in
3109 2437 3380 2478 carcerem
3407 2429 3491 2475 est

1888 2521 2200 2593 conjectus,
2247 2537 2346 2576 nec
2390 2521 2494 2576 illis
2531 2519 2741 2574 insidiis
2776 2528 2860 2574 est
2903 2515 3159 2580 inﬂexus;
3204 2524 3486 2585 postquam

1889 2623 2068 2668 autem
2090 2613 2201 2683 jam
2226 2614 2337 2682 jam
2370 2614 2663 2668 moriturus
2684 2620 2827 2677 erat,
2863 2611 2935 2665 ita
2964 2608 3034 2664 de
3074 2608 3296 2662 minutis
3324 2605 3487 2660 rebus

1887 2704 2005 2759 istis
2028 2713 2143 2760 erat
2173 2703 2434 2759 sollicitus
2457 2745 2471 2769 ,
2505 2711 2564 2757 ut
2589 2703 2740 2758 istius
2767 2715 2985 2756 suorum
3023 2699 3230 2754 ossium
3262 2696 3487 2752 transla-

1890 2797 2050 2852 tionis
2081 2803 2280 2851 tantam
2310 2809 2497 2851 curam
2526 2800 2770 2865 gereret,
2813 2808 2876 2848 ac
2907 2800 3055 2852 tanto
3081 2798 3205 2844 ante
3241 2798 3486 2857 tempore.

1886 2889 2142 2959 reliquias
2184 2903 2310 2942 suas
2349 2887 2538 2942 advehi
2575 2885 2838 2956 jubebat?
2865 2884 2996 2952 Quis
3031 2883 3134 2937 hoc
3176 2893 3486 2936 asseverare

1888 2980 2102 3035 tandem
2128 2980 2362 3035 audeat?
2392 2978 2534 3048 quod
2568 2978 2715 3032 enim
2748 2979 2952 3032 lucrum
2973 3018 2988 3042 ,
3017 2983 3110 3028 aut
3136 2987 3255 3044 qua:
3282 2971 3485 3026 utilitas

1885 3071 2204 3127 obveniehat
2245 3085 2315 3125 ex
2362 3069 2460 3123 hac
2502 3069 2703 3124 ossium
2755 3065 3151 3122 trausvectione
3190 3060 3485 3118 defuncto!

1883 3162 1996 3218 Cur
2019 3177 2146 3232 ergo
2171 3160 2476 3216 mandavit?
2502 3159 2616 3214 Non
2645 3158 2787 3230 quod
2814 3158 2882 3212 de
2915 3156 3130 3211 ossibus
3159 3161 3303 3209 esset
3336 3151 3486 3206 solli-

1885 3252 2044 3317 citus,
2073 3251 2168 3306 sed
2190 3251 2292 3306 hoc
2311 3250 2494 3306 dicere
2516 3263 2822 3320 possumus,
2840 3263 2967 3305 eum
2990 3246 3090 3301 sibi
3113 3246 3182 3299 ab
3197 3243 3482 3316 JEgyptio—

1884 3359 2004 3398 rum
2052 3342 2324 3411 impietate
2368 3341 2634 3396 timuisse.
2675 3338 2806 3394 Nam
2855 3329 3105 3409 quoniam
3142 3334 3325 3390 multis
3366 3349 3483 3388 tua-

1884 3435 2110 3505 guisque
2135 3435 2257 3488 illos
2286 3431 2540 3488 aﬂ‘ecerat
2563 3430 2839 3487 beneﬁciis
2859 3473 2874 3494 ,
2903 3442 3063 3499 atque
3092 3427 3212 3482 illos
3235 3427 3445 3482 aluerat

1885 3527 2188 3598 adjuverat,
2238 3527 2498 3582 adversus
2543 3526 2741 3581 famem
2782 3524 3033 3579 solatium
3083 3522 3190 3578 illis
3236 3521 3484 3574 attulerat

1885 3622 2200 3687 maximum,
2226 3631 2286 3677 et
2316 3636 2437 3692 quae
2461 3620 2664 3675 nemini
2687 3634 2941 3689 umquam
2971 3618 3340 3676 innotucrant,
3370 3614 3483 3682 ipse

1882 3718 2093 3787 primus
2114 3731 2182 3771 ac
2205 3716 2354 3770 solus
2384 3713 2732 3784 patefecerat,
2756 3721 2809 3767 et
2832 3716 2882 3766 in
2907 3710 3141 3766 medium
3163 3708 3481 3779 protulerat,

1883 3819 2043 3878 atque
2083 3806 2416 3862 somniorum
2466 3803 2909 3873 interpretatione
2946 3818 3052 3857 non
3084 3801 3256 3856 solum
3289 3800 3479 3854 famen:

1881 3899 2240 3970 praedixerat,
2273 3896 2367 3951 sed
2397 3897 2558 3951 etiam
2590 3894 2864 3950 sufﬁciens
2911 3893 3171 3948 adversus
3211 3892 3353 3945 illam
3393 3906 3483 3945 rc-

1879 3990 2120 4045 medium
2150 3998 2542 4059 prmparaverat
2562 4027 2581 4054 ,
2624 3988 2694 4041 ita
2721 3987 2944 4056 repletis
2981 3984 3197 4056 Egypti
3226 3982 3482 4048 horreis,

1882 4092 1942 4137 ut
1971 4097 2135 4136 nemo
2175 4081 2319 4136 illius
2357 4081 2589 4135 adventu
2622 4095 2681 4135 se
2707 4079 2879 4149 premi
2919 4080 3144 4134 sentiret
3177 4092 3287 4132 :ue
3328 4076 3485 4146 igitur

1881 4183 2104 4245 propter
2127 4171 2512 4228 beneﬁciorum
2537 4171 2957 4242 magnitudinem
2983 4169 3118 4224 deus
3139 4168 3482 4249 postobitutn

1883 4273 2218 4332 censeretur,
2236 4281 2374 4322 .cum
2403 4264 2477 4320 illi
2506 4264 2716 4319 barbari
2740 4262 2898 4318 facile
2921 4278 2991 4318 ex
3019 4261 3328 4317 hominibus
3353 4261 3484 4316 deos

1885 4357 2123 4413 facerent
2149 4374 2161 4409 :
2188 4372 2404 4411 omnem
2435 4367 2495 4411 ut
2523 4357 2861 4411 occasionem
2891 4355 3185 4424 impietatis
3214 4354 3482 4414 auferret.

1884 4441 2102 4495 domum
2132 4441 2408 4496 transferri
2438 4455 2561 4496 ossa
2592 4441 2867 4510 praecepit.
2903 4441 3030 4495 lltec
3079 4441 3235 4509 igitur
3264 4455 3367 4492 una
3403 4447 3487 4490 est

1885 4533 2126 4594 occasio;
2147 4531 2244 4586 sed
2263 4543 2317 4586 et
2332 4532 2558 4586 alteram
2576 4547 2866 4602 possumus
2888 4530 3238 4585 indubitatam
3257 4529 3448 4583 aﬂerre
3471 4548 3484 4583 :

1885 4619 2147 4692 siquidem
2176 4639 2241 4676 ex
2267 4623 2435 4677 sacris
2473 4623 2620 4678 illam
2653 4623 2944 4692 Scripturis
2976 4623 3136 4675 etiam
3165 4620 3487 4676 coulirmare

1885 4715 2033 4770 licet.
2054 4716 2188 4784 Quae
2214 4715 2426 4771 tandem
2456 4717 2549 4770 illa
2574 4716 2695 4771 est?
2721 4716 2935 4772 Sciebat
2963 4716 3071 4777 ille.
3105 4715 3489 4785 quodaudive-

1886 4817 1970 4861 rat
2003 4823 2034 4862 a
2070 4817 2224 4874 patre
2244 4850 2258 4870 ,
2287 4822 2411 4862 cum
2456 4809 2524 4863 ab
2553 4823 2654 4862 avo
2679 4808 3055 4862 transmissum
3087 4807 3153 4861 ad
3185 4822 3244 4861 se
3283 4821 3490 4862 sermo-

1889 4916 2010 4956 nem
2058 4901 2146 4955 ille
2188 4900 2504 4964 didicisset,
2550 4900 2810 4964 futurum,
2853 4909 2912 4952 ut
2957 4898 3024 4952 ad
3072 4899 3270 4970 multos
3318 4913 3489 4951 annos

1889 4994 2131 5049 servituti
2159 4994 2577 5063 subjicerentur,
2612 5001 2667 5048 et
2696 4992 3067 5062 afﬂigerentur
3090 4990 3159 5044 ab
3182 4990 3490 5060 Egyptiis,

1890 5083 2006 5138 Erit
2036 5086 2178 5140 enim
2214 5101 2382 5140 semen
2413 5094 2554 5139 tuum
2598 5085 2918 5154 peregrinum
2951 5084 3004 5137 in
3047 5091 3182 5137 terra
3209 5082 3411 5144 aliena,
3446 5092 3491 5135 et

1889 5178 2116 5231 servituti
2143 5177 2405 5247 subjicient
2430 5177 2582 5240 illud,
2620 5186 2667 5230 et
2695 5177 2913 5246 aﬂtigent
2931 5173 3317 5246 quadringentis
3346 5173 3493 5224 armis

1890 5270 2046 5339 (Gen.
2076 5271 2163 5325 15.
2198 5268 2325 5341 l5),
2371 5269 2550 5324 aiebat
2599 5269 2739 5323 Deus
2767 5268 2834 5322 ad
2879 5266 3174 5322 Abraham.
3217 5265 3296 5320 Ne
3336 5265 3499 5334 igitur

1892 5373 1998 5417 tam
2025 5363 2167 5433 longi
2191 5378 2284 5417 eos
2311 5363 2568 5432 temporis
2601 5361 2824 5416 laederet
2844 5404 2858 5427 ,
2890 5370 2948 5416 et
2977 5374 3245 5414 aerumnas
3274 5358 3498 5412 minime

1890 5455 2128 5510 ferentes
2163 5454 2231 5510 de
2275 5454 2450 5509 reditu
2480 5456 2868 5522 desperarent,
2900 5454 3203 5522 animisque
3242 5450 3497 5506 concide-

1891 5560 2035 5616 rent,
2069 5552 2303 5604 maximo
2332 5540 2438 5609 illis
2467 5551 2662 5604 tradito
2691 5549 2804 5619 spei
2831 5550 3055 5619 pignore
3082 5547 3335 5617 prmdixit
3359 5546 3492 5607 fore”

1892 5651 1951 5696 ut
1972 5657 2094 5697 ossa
2121 5642 2540 5710 revehereutttr,
2577 5651 2637 5697 ut
2667 5642 2739 5696 illi
2771 5657 2893 5695 cum
2925 5641 3116 5695 animis
3145 5641 3256 5694 suis
3283 5648 3496 5707 reputa-

1897 5743 2038 5804 rent,
2060 5734 2163 5791 nisi
2194 5744 2338 5791 certe
2364 5744 2416 5791 ct
2439 5737 2555 5798 sine
2584 5736 2688 5790 ulla
2715 5733 3044 5789 dubitatione
3072 5730 3170 5787 sibi
3201 5724 3494 5802 peruasit;-
