4084 6428
606 275 698 331 σξη

605 403 686 449 set
705 391 882 461 justus
907 391 1158 456 futurum.
1179 399 1240 473 ut
1262 405 1450 451 omnes
1471 405 1821 460 revertamur,
1841 411 2169 466 nequaquam

604 483 671 538 de
715 484 826 540 suis
870 483 1081 540 ossibus
1121 486 1491 556 praecepisset,
1534 496 1694 556 atque
1717 478 1802 543 ita
1839 487 2173 542 demonstra-

601 573 804 631 tionem
833 575 1091 633 haberem
1117 577 1503 642 certissimam,
1533 594 1790 651 spemque
1801 578 2176 634 ﬁrmissimam

603 681 716 722 sua:
752 667 802 722 in
833 669 1054 736 patriam
1085 670 1424 726 reversionis.
1466 671 1641 742 Atque
1685 671 1785 727 hoc
1811 684 1993 726 verum
2023 684 2174 733 esse,

603 765 660 811 et
683 756 878 813 ideirco
906 758 973 815 de
997 761 1109 815 suis
1133 759 1344 816 ossibus
1372 763 1684 832 praedixisse
1708 762 1879 828 illum,
1908 775 2017 816 non
2037 743 2177 833 quod

604 847 672 901 de
695 849 964 918 sepultura
987 851 1242 907 sollicitus
1259 862 1423 921 esset,
1451 863 1506 907 at
1525 853 1664 925 quod
1687 853 1895 909 illorum
1923 851 2177 924 impietati

604 939 897 995 remedium
924 941 1086 997 vellet
1111 943 1388 1009 adhibere,
1419 946 1538 1000 audi
1567 945 1759 1016 quibus
1783 944 1961 1000 verbis
1984 943 2181 999 Paulus

604 1038 866 1086 testatur:
892 1030 1028 1086 Fide
1057 1031 1251 1102 Ioseph
1291 1037 1507 1090 moriens
1540 1037 1604 1090 de
1636 1036 1917 1106 egressione
1955 1033 2177 1103 ﬁliorum

603 1116 773 1173 Israel
795 1123 1037 1187 meminit,
1073 1133 1122 1198 et
1161 1124 1224 1180 de
1248 1126 1437 1181 ossibus
1467 1126 1570 1180 suis
1595 1126 1851 1179 mandavit
1883 1123 2064 1198 (Hebr.
2090 1125 2177 1178 11.

600 1208 718 1281 2‘3).
745 1211 882 1280 Quid
919 1223 1017 1269 est,
1040 1193 1178 1282 hbe,
1226 1216 1395 1273 Fide?
1436 1217 1596 1285 Quasi
1632 1218 1868 1283 diceret,
1893 1193 2033 1287 qua:
2059 1224 2181 1286 post

603 1303 801 1359 mullos
824 1318 994 1360 annos
1021 1318 1176 1362 erant
1200 1319 1482 1373 eventura,
1530 1307 1886 1378 prmvidebat,
1927 1321 1993 1361 ac
2028 1304 2175 1367 fore.

602 1401 660 1446 ιιι
699 1396 895 1463 posteri
924 1400 1147 1467 patriam
1187 1414 1335 1455 suam
1376 1409 1774 1470 recuperarent.
1806 1398 1875 1455 Ut
1895 1398 2053 1468 igitur
2080 1396 2180 1450 hoc

601 1485 956 1555 signiﬁcaret,
997 1499 1278 1562 utrumque
1306 1491 1547 1563 prredixit
1569 1531 1585 1556 ,
1617 1505 1680 1546 ac
1703 1491 1884 1545 videre
1922 1496 2038 1543 erat
2066 1503 2178 1541 rem

601 1575 789 1632 miram
815 1588 869 1635 et
893 1580 1277 1648 incredibilem,
1299 1596 1421 1637 cum
1447 1596 1568 1636 ossa
1593 1581 1645 1636 in
1673 1579 1980 1651 egressione
2010 1587 2178 1632 trans.

602 1665 887 1724 ferrentur.
930 1668 1061 1724 Nam
1093 1671 1184 1740 qui
1205 1670 1459 1727 eﬁ‘ecerat
1485 1670 1703 1740 Joseph,
1734 1679 1794 1724 nt
1818 1670 1868 1723 in
1891 1667 2178 1739 Egyptum

600 1756 1009 1825 descenderent,
1033 1761 1147 1832 ipse
1171 1778 1358 1818 rursus
1385 1777 1481 1818 eos
1504 1763 1788 1817 redeuntes
1809 1758 2178 1822 antecedebat,

600 1855 654 1901 et
682 1847 749 1904 ad
775 1851 1082 1919 patientiam
1104 1868 1168 1908 ac
1194 1854 1672 1924 spem'inturarum
1705 1853 2017 1911 instruebat.
2045 1853 2180 1908 Cum

601 1937 742 1992 enim
763 1940 1012 2011 reliquias
1028 1951 1149 1998 ante
1166 1944 1350 1998 oculos
1367 1944 1566 2014 positas
1581 1954 1885 2007 cernerent,
1901 1944 2182 2012 omniSque

602 2028 745 2084 illius
776 2030 1010 2087 historiae
1049 2033 1152 2088 hoc
1196 2045 1348 2105 pacto
1386 2035 1821 2100 recordarentur,
1854 2045 2013 2106 atque
2041 2036 2182 2105 apud

602 2135 662 2176 se
686 2124 987 2193 cogitarent
1013 2126 1186 2195 ipsum
1216 2141 1246 2181 a
1276 2126 1527 2182 fratribus
1553 2127 1771 2182 insidias
1797 2143 1917 2182 esse
1941 2141 2179 2199 passum,

601 2213 653 2265 in
679 2213 850 2267 lacum
873 2215 1117 2284 missum,
1137 2226 1192 2273 et
1210 2217 1399 2288 capitis
1419 2218 1704 2274 discrimen
1725 2218 1942 2284 adiisse,
1966 2234 2183 2275 carcere

601 2303 912 2358 conclusum
945 2304 1108 2361 fuisse
1131 2347 1146 2372 ,
1177 2315 1338 2377 atque
1362 2307 1463 2362 alia
1492 2319 1684 2372 cuneta
1709 2349 1724 2375 ,
1755 2324 1880 2379 qua:
1907 2308 1983 2363 illi
2010 2311 2180 2364 conti-

602 2405 790 2465 gerant
814 2413 828 2460 ;
857 2398 1050 2454 deinde
1075 2415 1201 2455 vero
1227 2411 1348 2471 post
1374 2401 1462 2457 illa
1486 2404 1664 2457 omnia
1689 2417 1870 2472 regem
1897 2401 2043 2457 illum
2065 2417 2185 2458 esse

604 2489 798 2544 factum
817 2532 834 2558 ,
865 2506 930 2546 ac
953 2480 1250 2563 principem
1273 2494 1434 2549 totius
1450 2492 1688 2566 Egypti,
1711 2503 1978 2565 tantaeque
1998 2495 2184 2550 ditioni

603 2588 902 2636 curatorem
927 2597 991 2637 ac
1015 2581 1322 2652 prmfectum
1367 2583 1532 2639 fuisse
1556 2588 1896 2655 prmpositum
1918 2603 1931 2640 :
1956 2587 2007 2640 in
2037 2601 2186 2656 spem

605 2671 955 2727 certissimam
1001 2674 1341 2746 erigebantur
1385 2673 1535 2740 fore,
1593 2686 1650 2730 ut
1690 2691 1720 2730 a
1765 2677 1950 2743 malis,
1998 2678 2189 2748 quibus

608 2776 822 2833 semper
848 2764 1076 2835 opprimi
1104 2765 1369 2829 solebant,
1402 2766 1776 2832 liberarentur,
1802 2783 1923 2823 cum
1956 2769 2023 2823 ab
2053 2771 2190 2824 ossi-

609 2852 709 2907 bus
730 2853 857 2924 justi
883 2857 1204 2911 docerentur
1241 2857 1508 2912 neminem
1552 2873 1801 2929 umquam
1847 2857 2012 2914 fuisse
2030 2859 2188 2914 dere-

611 2945 790 3000 lictum
817 2986 832 3012 ,
859 2948 947 3017 qui
987 2949 1038 3001 in
1081 2947 1247 3003 Deum
1274 2947 1621 3015 credidisset,
1653 2957 1706 3004 et
1734 2949 1899 3019 ipsius
1932 2949 2190 3005 auxilium

611 3047 988 3106 exSpectasset.
1915 3042 1960 3103 ’,τ

683 3127 945 3184 Promissa
964 3127 1061 3184 Dei
1081 3139 1237 3185 certa.
1264 3128 1405 3185 Mors
1428 3131 1694 3185 metuatda
1719 3148 1819 3186 non
1845 3142 1940 3187 est.
1955 3162 2027 3174 -
2046 3133 2195 3188 Licet

614 3223 755 3276 enim
785 3239 869 3278 res
906 3223 1145 3278 adversae
1173 3223 1416 3294 quaedam
1448 3233 1504 3279 et
1543 3237 1728 3280 contra
1758 3235 1940 3280 votum
1981 3226 2192 3280 interim

613 3314 902 3368 acciderint
928 3355 941 3378 ,
969 3315 1094 3369 dum
1125 3315 1240 3384 ejus
1268 3317 1527 3384 promissa
1557 3327 1858 3386 sperantur,
1886 3328 1940 3373 et
1968 3319 2196 3373 interve-

617 3405 829 3468 nerint,
879 3415 1053 3461 tamen
1092 3415 1275 3476 optato
1325 3406 1430 3462 ﬁne
1472 3415 1749 3477 sperantes
1796 3408 2042 3465 fraudare
2089 3424 2196 3464 non

618 3504 886 3564 poterunt,
915 3496 1007 3551 sed
1037 3496 1248 3552 eveniet
1275 3497 1402 3552 illud
1435 3498 1654 3554 omnino
1678 3514 1744 3554 ex
1772 3501 2031 3556 sententia
2059 3500 2198 3555 divi-

620 3606 684 3644 na
712 3590 853 3659 quod
893 3592 1204 3661 prmdictum
1236 3591 1366 3657 fuit,
1411 3602 1464 3648 et
1502 3593 1822 3650 illustriores
1850 3596 2037 3652 reddet
2080 3612 2195 3660 eos,

621 3682 710 3749 qui
750 3682 1010 3749 patienter
1038 3693 1349 3757 exspectant
1379 3685 1585 3748 omnia,
1629 3699 1746 3756 quae
1789 3700 1817 3738 a
1866 3685 1976 3742 Deo
2006 3687 2202 3744 fuerint

620 3773 926 3828 constituta.
959 3772 1247 3843 Propterea
1277 3773 1346 3829 de
1373 3773 1583 3829 ossibus
1609 3776 1731 3831 suis
1747 3775 2035 3832 mandavit.

692 3867 745 3920 6.
787 3864 864 3920 Ne
902 3866 1063 3936 igitur
1101 3865 1237 3920 adeo
1279 3865 1348 3922 de
1393 3876 1573 3921 nostra
1619 3867 1670 3921 in
1717 3869 1884 3936 patria
1931 3871 2201 3939 sepultura

622 3957 1046 4024 simussolliciti,
1076 3973 1247 4028 neque
1273 3967 1500 4013 mortem
1527 3967 1859 4027 metuamus,
1889 3961 1982 4016 sed
2013 3976 2203 4031 pecca-

626 4060 755 4101 tum.
792 4046 976 4118 Neqne'
999 4050 1141 4104 enim
1169 4064 1315 4104 mors
1346 4059 1621 4120 peccatum
1648 4050 1873 4120 peperit,
1901 4050 1994 4106 sed
2021 4066 2208 4121 pecca-

625 4151 734 4194 tum
765 4149 989 4195 mortem
1023 4141 1176 4196 nobis
1205 4142 1545 4211 procreavit;
1577 4156 1721 4196 mors
1750 4151 1927 4197 autem
1955 4141 2008 4196 in
2035 4158 2206 4198 reme-

625 4231 770 4297 dium
798 4222 997 4302 peccati
1028 4247 1290 4308 conversa
1334 4241 1436 4288 est.
1484 4232 1708 4288 Mortem
1748 4234 1888 4289 enim
1939 4250 2045 4288 non
2089 4249 2210 4290 esse

628 4322 1002 4390 metuendam,
1037 4325 1129 4380 sed
1163 4333 1470 4394 peccatum,
1502 4324 1622 4379 audi
1667 4325 1858 4394 quibus
1889 4326 2066 4380 verbis
2108 4326 2208 4381 do-

625 4425 745 4471 ccat
785 4416 1041 4487 prepltcta
1087 4435 1110 4471 :-
1146 4416 1378 4473 Pretiosa
1415 4419 1469 4472 in
1514 4428 1780 4487 conspectu
1826 4417 2034 4472 Domini
2078 4435 2212 4473 mors

629 4522 915 4565 sanctorum
944 4512 1051 4580 ejus
1077 4509 1247 4584 (Psal.
1273 4512 1395 4566 115.
1427 4511 1520 4581 15)
1547 4529 1561 4576 ς
1600 4521 1654 4567 et
1682 4513 1828 4578 alibi,
1863 4511 2006 4566 Mors
2033 4528 2214 4582 pecca-

628 4615 794 4656 torum
838 4605 1054 4670 pessima
1098 4601 1284 4674 (l’sal.
1311 4603 1399 4659 33.
1423 4603 1492 4678 22
1515 4603 1556 4674 ).
1586 4603 1749 4660 Vides
1776 4620 1870 4661 eos
1910 4606 1997 4676 qui
2030 4605 2094 4659 ad
2127 4622 2214 4662 res

627 4711 752 4751 suas
777 4697 960 4751 attenti
996 4707 1153 4762 sunt,
1183 4697 1475 4752 maximam
1517 4699 1676 4752 etiam
1707 4714 1772 4753 ex
1801 4714 1862 4753 ea
1891 4715 2048 4769 posse
2071 4701 2220 4756 utili-

609 4773 794 4845 ftatem
834 4789 1152 4859 percipere;
1199 4791 1288 4861 qui
1313 4805 1440 4846 vero
1479 4790 1692 4847 desides
1737 4800 1862 4845 sunt
1899 4800 1954 4846 et
1992 4791 2213 4859 inertes,

631 4881 714 4936 eis
756 4897 868 4937 rem
908 4882 1050 4936 illam
1084 4883 1136 4937 in
1169 4894 1372 4952 partem
1403 4883 1646 4954 supplicii
1693 4884 1991 4941 obvenire‘l
2035 4884 2218 4956 Neque

632 4987 761 5027 vero
799 4975 916 5029 sine
957 4989 1117 5029 causa
1154 4975 1294 5030 hunc
1335 4976 1554 5031 instituo
1591 4990 1925 5044 sermonem,
1957 4977 2049 5032 sed
2082 4993 2218 5046 quo-

632 5069 777 5123 niam
817 5068 1014 5123 mnltos
1042 5068 1202 5123 audio
1229 5084 1599 5139 saepenumero
1628 5069 1693 5124 de
1720 5071 1906 5125 mortis
1934 5071 2221 5140 generibus

633 5161 799 5216 verba
826 5159 1116 5227 facientes,
1161 5171 1215 5215 et
1257 5161 1498 5231 quardam
1525 5203 1540 5227 ,
1585 5177 1704 5232 quae
1735 5162 2081 5231 ignominiosa
2113 5177 2219 5215 non

633 5260 781 5315 sunt,
809 5251 907 5306 sibi
940 5251 1136 5321 probro
1163 5252 1380 5319 ducere,
1409 5252 1652 5323 quaedam
1677 5253 1900 5308 crimine
1926 5253 2084 5323 digna
2117 5269 2220 5307 non

635 5343 944 5412 vituperare
995 5360 1009 5396 :
1064 5351 1342 5414 propterea
1395 5341 1818 5399 controversiam
1873 5343 2008 5399 hanc
2061 5347 2223 5400 statui

638 5435 900 5492 hodierno
943 5436 1030 5492 die
1074 5438 1393 5508 disceptare.
1439 5437 1534 5498 Est
1581 5439 1723 5492 enim
1767 5446 2095 5508 opportunus
2141 5438 2226 5493 hic

643 5529 1050 5602 philosophandi
1071 5531 1277 5595 modus,
1306 5541 1359 5586 et
1387 5532 1610 5586 miriﬁce
1638 5545 1759 5585 cum
1787 5543 2076 5601 martyrum
2091 5545 2224 5585 con-

643 5623 788 5697 venit
813 5626 1170 5680 solemnitate.
1221 5624 1414 5697 Multos
1444 5625 1585 5680 enim
1616 5623 1856 5679 dicentes
1881 5622 2092 5687 audivi,
2136 5623 2226 5679 Ille

647 5733 873 5787 peregre
899 5729 1138 5773 mortuus
1163 5727 1244 5772 est
1277 5692 1678 5788 ignbiuiniosius
1704 5731 1863 5787 quam
1889 5715 2057 5783 canis,
2083 5717 2228 5770 nullo

1367 279 1426 338 S.
1464 280 1740 338 JOANNIS
1777 281 2242 341 CHRYSOSTOMI
2284 281 2596 358 ARClllEP.
2637 281 3160 339 GONSTAN‘I'INOP.

3765 279 3872 335 69!

2279 409 2344 449 ex
2377 393 2686 463 prapinquis
2727 406 3009 463 przrsente,
3060 407 3234 464 neque
3272 389 3517 461 sepulcro
3558 389 3870 452 condeuto;

2281 485 2375 540 sed
2405 485 2489 539 vix
2521 487 2704 555 paucis
2726 486 2917 542 vicinis
2941 500 3002 541 se
3025 496 3209 540 mutuo
3238 484 3584 539 invitantibus
3606 497 3678 539 ex
3705 496 3871 552 pecu-

2283 577 2367 630 nia
2399 577 2627 648 qnadam
2655 589 2931 648 eorrogata
2961 577 3244 633 obvolutus
3264 577 3552 647 sepulturae
3583 572 3875 630 mandatus

2280 677 2383 722 est.
2425 668 2504 724 Ne
2534 669 2692 738 igitur
2721 671 2834 725 lucc
2863 669 3018 726 nobis
3043 670 3314 740 negotium
3359 669 3645 734 facessant,
3692 679 3877 737 opera-

2283 761 2513 830 pretium
2541 762 2699 818 fuerit
2725 763 3033 832 opinionem
3060 762 3216 817 istam
3257 760 3548 830 corrigere.
3579 759 3700 815 Non
3727 757 3876 814 enim

2283 852 2386 908 hoc
2410 861 2494 909 est
2517 869 2652 910 cane
2691 855 2938 910 miserius
2962 854 3126 919 mori,
3155 854 3228 908 mi
3254 853 3417 908 homo
3439 894 3455 920 ,
3481 852 3578 907 sed
3609 866 3750 908 cane
3777 849 3879 905 mi-

2283 947 2456 1001 serius
2497 946 2631 1000 mori
2673 955 2758 1002 est
2787 947 2837 1001 in
2868 954 3087 1014 peccato
3119 944 3254 1001 mori
3277 986 3293 1012 ,
3323 959 3431 1000 non
3455 958 3683 1013 peregre
3712 941 3878 996 vitam

2284 1035 2456 1093 ﬁnire.
2487 1036 2606 1092 Noli
2646 1039 2786 1092 enim
2818 1038 2945 1092 milii
2983 1050 3407 1091 commemorare
3433 1033 3710 1088 hominem
3731 1071 3749 1097 ,
3788 1031 3878 1101 qui

2285 1128 2338 1181 in
2366 1127 2618 1184 deaurato
2647 1128 2788 1184 lecto
2810 1137 3070 1199 gestetur,
3101 1127 3190 1197 qui
3221 1132 3579 1198 prosequente
3608 1131 3723 1178 tota
3746 1119 3884 1177 civi—

2285 1227 2413 1282 tate,
2445 1219 2537 1288 qui
2565 1219 2776 1288 populis
2801 1218 3248 1283 collaudantibus,
3278 1217 3363 1272 cui
3393 1215 3586 1271 sericae
3615 1220 3800 1268 vestes
3827 1221 3884 1265 et

2284 1327 2416 1366 auro
2459 1313 2760 1366 intertevta:
2803 1309 3095 1366 liberaliter
3135 1308 3420 1364 admodum
3465 1308 3878 1362 insternantnr:

2287 1400 2388 1456 hoc
2415 1390 2556 1456 enim
2598 1402 2740 1456 aliud
2771 1401 2901 1456 nihil
2946 1411 3059 1464 est,
3091 1415 3248 1470 quam
3292 1398 3572 1454 lautiorem
3605 1397 3884 1452 vermibus

2287 1509 2526 1550 mensam
2569 1509 2856 1565 apponere.
2901 1493 2981 1550 Ne
3032 1493 3191 1564 igitur
3232 1491 3374 1546 hunc
3421 1489 3549 1545 mihi
3596 1488 3882 1550 ostendas.

2287 1590 2380 1645 sed
2409 1590 2548 1645 hunc
2579 1592 2752 1661 ipsum
2781 1589 2871 1660 qui
2901 1596 3049 1644 tanto
3069 1602 3192 1643 cum
3219 1585 3428 1642 honore
3451 1583 3764 1664 deducitur,
3792 1582 3886 1636 illo

2285 1682 2372 1750 die
2411 1683 2540 1737 milii
2585 1679 2744 1737 velim
2790 1682 3064 1748 ostendas,
3111 1694 3219 1750 quo
3263 1678 3317 1732 in
3361 1677 3577 1733 excelso
3625 1674 3885 1730 tribunali

2286 1749 2527 1828 Christus
2558 1773 2781 1839 sedebit,
2806 1788 2928 1828 eum
2961 1772 3049 1827 ille
3075 1749 3279 1841 judicio
3307 1769 3548 1834 sistetur,
3575 1766 3885 1828 vocabitur,

2288 1867 2545 1920 rationem
2574 1865 2760 1920 reddet
2783 1878 2970 1918 eorum
2992 1877 3111 1932 qum
3137 1859 3352 1926 dixerit,
3375 1875 3493 1928 quze
3521 1857 3735 1923 fecerit,
3764 1871 3889 1926 qua:

2289 1956 2619 2026 cogitaverit.
2651 1955 2803 2009 Tunc
2830 1954 2973 2008 enim
3006 1952 3080 2006 illi
3113 1950 3289 2005 nullus
3313 1964 3378 2004 ex
3410 1949 3509 2003 liae
3534 1945 3891 2002 multitudine

2292 2046 2742 2115 patrocinabitur,
2778 2059 2952 2113 neque
2999 2041 3259 2112 supplicio
3291 2039 3438 2094 illum
3479 2053 3542 2093 ac
3571 2038 3753 2106 pinnis
3791 2050 3889 2090 ex-

2289 2137 2443 2204 imet,
2472 2151 2643 2206 neque
2668 2134 3060 2190 auxiliahuntur
3075 2132 3123 2186 ei
3146 2131 3409 2186 clamores
3435 2142 3497 2182 ac
3525 2125 3715 2181 laudes
3744 2126 3889 2187 istm,

2289 2227 2382 2282 sed
2424 2229 2568 2282 vultu
2618 2228 2670 2280 in
2721 2234 2921 2280 terram
2972 2223 3240 2286 demisso,
3291 2219 3530 2289 trepidus
3573 2225 3631 2272 et
3677 2215 3892 2285 pudore

2289 2317 2524 2372 suﬂ‘usns
2552 2325 2769 2386 propter
2795 2313 3000 2384 objecta
3029 2311 3130 2367 sibi
3158 2311 3381 2366 crimina
3407 2308 3707 2362 abducetur
3728 2347 3746 2372 ,
3776 2315 3832 2359 et
3860 2319 3891 2357 ει

2293 2391 2930 2479 ηιηιὶεηίεβρίιυίιίὺιιεηά
2971 2414 3172 2459 aeterna
3213 2409 3476 2457 tormenta
3502 2413 3625 2454 cum
3673 2395 3892 2468 gravis-

2293 2501 2430 2555 simo
2456 2499 2694 2556 dentium
2722 2495 2972 2562 stridore,
2993 2495 3186 2550 frustra
3230 2493 3550 2555 lamentans,
3583 2497 3638 2544 et
3664 2494 3894 2558 propter

2296 2591 2655 2647 intolerabiles
2679 2589 2893 2643 dolores
2919 2587 3176 2656 plangens
3207 2583 3468 2637 trahetur.

2367 2683 2540 2736 .c'tiam
2570 2682 2624 2734 in
2654 2681 2750 2733 hac
2778 2680 2878 2733 vita
2905 2686 3136 2749 peccator
3165 2675 3391 2746 punitur.
3413 2702 3484 2712 —
3505 2672 3584 2726 Ac
3609 2669 3746 2724 talia
3768 2669 3894 2739 qui-

2295 2772 2416 2826 dem
2443 2779 2636 2834 erunt,
2668 2785 2789 2840 qua;
2833 2767 2934 2822 illis
2979 2767 3033 2820 in
3069 2764 3236 2820 altera
3279 2764 3381 2817 vita
3413 2762 3754 2831 contingent,
3797 2759 3894 2813 sed

2297 2879 2470 2934 neque
2498 2862 2768 2918 toleranda
2789 2867 2930 2925 sunt,
2955 2873 3072 2928 qua:
3097 2857 3151 2911 in
3182 2855 3280 2910 hac
3307 2864 3586 2925 geruntur.
3611 2849 3897 2921 Siquidem

2297 2965 2418 3025 post
2447 2953 2630 3009 laudes
2659 2951 2778 3006 illas
2806 2949 3067 3021 publicas,
3093 2955 3185 3001 aut
3210 2945 3381 3017 pretio
3408 2949 3774 3012 comparatas,
3806 2948 3900 2994 aut

2300 3062 2329 3100 a
2355 3047 2548 3100 timore
2573 3043 2753 3114 aliquo
2779 3039 3077 3111 profectas,
3107 3050 3295 3091 omnes
3330 3032 3511 3088 audiet
3548 3040 3897 3094 accusantes,

2299 3146 2356 3191 et
2381 3137 2432 3189 in
2464 3134 2633 3190 triviis
2654 3174 2670 3198 ,
2700 3134 2751 3186 in
2784 3131 2899 3198 foro
2921 3170 2938 3196 ,
2978 3129 3029 3182 in
3057 3126 3261 3182 aedibus
3282 3166 3299 3191 ,
3325 3125 3378 3178 in
3415 3123 3626 3192 popinis
3649 3163 3664 3185 ,
3695 3121 3752 3176 in
3780 3120 3902 3174 aliis

2301 3227 2550 3290 ofﬁcinis,
2581 3227 2634 3280 in
2663 3224 2770 3289 via,
2800 3223 2853 3277 in
2890 3219 3053 3291 agris,
3083 3226 3140 3274 et
3167 3216 3361 3286 ubique
3389 3213 3628 3284 singulos
3658 3212 3906 3267 viatores

2305 3319 2559 3392 proximis
2589 3332 2710 3372 cum
2750 3316 2944 3371 timore
2982 3317 3260 3367 narrantes
3300 3321 3365 3363 ac
3408 3307 3688 3371 dicentes,
3718 3304 3905 3376 qualia

2307 3428 2561 3485 passurus
2587 3411 2658 3467 sit
2685 3411 2843 3473 mala,
2872 3405 3063 3477 quibus
3088 3400 3361 3472 suppliciis
3382 3396 3752 3460 mulctabitur,
3779 3394 3907 3466 qni-

2307 3509 2406 3563 bus
2447 3520 2586 3560 nnnc
2627 3502 2728 3559 erit
2758 3496 3120 3570 subjiciendus
3155 3490 3458 3549 tormentis.
3497 3486 3634 3555 Quid
3669 3487 3746 3541 illi
3779 3499 3910 3556 pro-

2307 3597 2406 3654 fuit
2445 3586 2563 3652 bare
2592 3595 2746 3649 vita?
2793 3596 2951 3655 quem
2996 3587 3225 3643 fructum
3265 3599 3331 3638 ex
3375 3580 3596 3645 avaritia
3639 3577 3912 3647 collegit?

2309 3690 2442 3744 Aliis
2470 3685 2723 3758 pecunias
2766 3697 2889 3736 suas
2932 3678 3240 3748 relinquens
3265 3671 3430 3743 abiit,
3472 3677 3529 3723 at
3571 3670 3688 3758 ipse
3715 3680 3910 3722 secum

2307 3757 2593 3848 assumptis
2619 3773 2853 3848 peccatis
2877 3769 3121 3839 sepultus
3150 3773 3253 3830 est,
3272 3777 3336 3818 ac
3359 3759 3511 3826 multi
3539 3757 3786 3827 undique
3814 3771 3910 3809 ac-

2309 3885 2583 3931 cusatores
2610 3866 3007 3937 compatiuntur
3046 3859 3151 3915 illis
3190 3870 3325 3927 quos
3355 3854 3444 3909 ille
3471 3850 3648 3906 aﬂ'ecit
3684 3849 3909 3918 injuria,

2313 3970 2437 4024 licet
2465 3967 2532 4021 ab
2569 3978 2635 4018 eo
2673 3960 2786 4016 laesi
2831 3972 2936 4012 non
2985 3952 3202 4009 fuerint.
3247 3947 3380 4003 Nam
3425 3938 3912 4016 quemadmodum.

2315 4075 2435 4115 cum
2485 4055 2645 4126 aliqui
2692 4049 2966 4107 beneﬁciis
3008 4043 3332 4104 afﬁciuntur,
3383 4037 3542 4092 etiam
3589 4032 3667 4126 illi
3710 4031 3915 4101 quibus

2316 4149 2446 4205 nihil
2494 4124 2800 4208 confertur,
2844 4137 3175 4212 gratulantur
3223 4131 3364 4194 illis,
3407 4138 3461 4184 et
3507 4124 3913 4204 benefactorem

2315 4239 2616 4298 collaudant
2652 4236 2774 4291 :ita
2813 4247 2933 4287 cum
2966 4227 3193 4284 infertur
3221 4220 3538 4295 quibusdam
3570 4215 3761 4287 injuria
3783 4254 3802 4280 ,
3835 4213 3914 4268 illi
3945 4223 3950 4232 ‘

2317 4334 2512 4397 etiam,
2554 4328 2646 4398 qui
2695 4325 2826 4379 nihil
2867 4322 2982 4376 lzesi
3025 4326 3185 4383 sunt,
3233 4312 3632 4381 compatiuntur
3671 4304 3915 4371 alliictis,

2318 4437 2545 4494 eumque
2567 4421 2887 4489 vituperant,
2911 4413 3000 4482 qui
3022 4409 3267 4480 injuriam
3299 4404 3492 4460 intulit.
3517 4401 3720 4494 Idcirco
3740 4398 3913 4494 dixit:

2321 4490 2473 4570 Mors
2504 4520 2823 4581 peccatorum
2869 4504 3084 4574 pessima
3107 4541 3123 4567 ,
3172 4513 3293 4553 eum
3343 4503 3559 4565 propter
3603 4491 3761 4560 hujus
3788 4490 3919 4581 vita

2319 4580 2767 4665 obtrectationes,
2812 4606 2923 4652 tum
2965 4599 3188 4664 propter
3220 4588 3439 4643 alterius
3481 4591 3763 4638 tormenta.
3816 4580 3920 4634 llic

2321 4700 2478 4769 igitur
2519 4696 2610 4752 ille
2653 4702 2767 4757 est,
2798 4689 2886 4760 qui
2922 4701 3054 4742 cane
3082 4681 3326 4738 miserius
3357 4677 3585 4769 moritur
3615 4692 3626 4726 :
3655 4683 3714 4769 at
3750 4672 3922 4769 justis

2324 4762 2392 4845 iia
2415 4805 2521 4844 non
2552 4784 2767 4847 evenit;
2796 4779 2889 4835 sed
2913 4778 3042 4832 licet
3079 4775 3132 4830 in
3159 4773 3392 4835 deserto,
3424 4768 3548 4822 licet
3574 4763 3790 4820 nemine
3821 4762 3911 4818 ob-

2323 4881 2606 4943 volvente,
2649 4875 2773 4930 licet
2817 4871 3033 4926 nemine
3076 4871 3342 4935 praesente
3367 4861 3529 4915 vitam
3561 4855 3724 4919 ﬁniat,
3759 4853 3929 4910 sufﬁ-

2303 4973 2525 5030 ‘cicntes
2562 4965 2842 5037 exsequias
2877 4978 2944 5018 ex
2971 4961 3069 5015 hac
3094 4959 3198 5012 vita
3235 4953 3520 5010 discedens
3547 4948 3746 5011 habet,
3781 4947 3929 5001 fidu-

2325 5069 2460 5124 ciam
2484 5062 2843 5136 apud'Deum;
2869 5064 2923 5111 et
2941 5050 3225 5108 admodum
3248 5043 3545 5136 honoriﬁce
3563 5039 3926 5112 praesentibus

2326 5135 2548 5230 angelis,
2573 5156 2796 5226 ejusque
2815 5150 3046 5204 animam
3068 5139 3452 5199 deducentibus
3471 5135 3712 5230 eﬂ‘ertur,
3732 5146 3928 5230 quem-

2329 5225 2613 5310 admodum
2653 5263 2718 5301 ex
2747 5246 2950 5301 Lazaro
2979 5247 3101 5294 ante
3128 5229 3527 5294 demonstravi,
3571 5237 3733 5297 atque
3759 5225 3928 5281 innu-

2331 5360 2506 5402 meros
2529 5344 2647 5396 vita:
2668 5355 2778 5394 sua:
2799 5335 3100 5391 laudatores
3123 5329 3431 5398 relinquens
3457 5341 3471 5377 :
3494 5319 3634 5391 quod
3657 5319 3700 5374 si
3725 5317 3932 5373 liberos

2331 5435 2626 5508 reliquerit,
2659 5444 2849 5488 omnes
2877 5426 2968 5499 qui
2997 5422 3263 5480 civitatem
3298 5417 3536 5472 incolunt
3565 5413 3670 5508 illis
3697 5425 3931 5508 succur-

2332 5501 2471 5596 rent,
2503 5536 2558 5582 et
2585 5537 2770 5580 eorum
2797 5532 2980 5575 curam
3011 5521 3228 5587 gerent,
3255 5518 3314 5564 ut
3339 5517 3575 5578 pateram
3601 5501 3934 5596 benevolen-

2334 5621 2420 5677 tiae
2469 5617 2691 5689 gratiam
2740 5612 2843 5668 illis
2895 5605 3213 5678 rependant.
3264 5601 3364 5670 Qui
3414 5595 3827 5689 veropeccatis
3880 5602 3935 5647 et

2333 5685 2534 5786 rapinis
2561 5708 2844 5765 obstrictus
2869 5701 3150 5760 defunctus
3191 5704 3308 5763 est,
3349 5693 3465 5749 sive
3503 5688 3706 5746 relictis
3749 5685 3935 5744 liberis
