4084 6462
226 438 336 496 επ

229 585 299 625 ex
328 569 427 623 hac
456 568 559 623 vita
589 566 904 634 decesserit,
936 565 1326 622 inimicitiarum
1355 581 1570 622 suarum
1597 564 1825 621 heredes

237 659 362 713 illos
400 657 673 724 deseruit,
710 666 766 711 et
809 659 948 712 inter
985 656 1229 711 inimicos
1260 656 1473 726 reliquit
1505 674 1517 712 :
1562 656 1674 711 sive
1712 657 1826 712 sine

233 744 422 804 liberis
461 749 623 802 vitam
651 747 866 814 ﬁnierit,
901 762 968 802 ex
997 746 1255 812 aediﬁciis,
1288 762 1351 801 ex
1378 745 1497 802 aliis
1529 747 1825 816 possessio-

239 841 402 896 nibus
423 881 436 904 ,
469 854 602 909 quas
631 855 697 894 ex
727 840 912 908 rapina
942 847 996 894 et
1021 839 1293 895 fraudibus
1321 840 1634 908 acquisivit,
1667 849 1828 894 reter-

239 946 364 984 nam
397 930 749 984 accusationis
789 930 1066 985 materiam
1115 929 1455 1000 derelinquit.
1497 932 1568 983 At
1608 943 1713 984 non
1758 929 1829 984 ita

234 1020 435 1090 justus,
458 1020 560 1076 sed
585 1028 780 1075 etcum
809 1021 1057 1087 moritur,
1083 1021 1366 1074 maximam
1398 1021 1675 1074 utilitatem
1702 1034 1827 1089 per-

239 1111 372 1180 cipit
390 1151 406 1173 ,
434 1126 559 1165 cum
584 1125 651 1165 ex
669 1110 908 1181 proprias
933 1110 1144 1164 virtutis
1169 1108 1539 1166 recordatione
1563 1109 1631 1165 de
1653 1110 1830 1163 omni-

240 1200 344 1256 bus
387 1201 521 1256 vivis
565 1199 701 1257 bene
744 1212 1048 1268 mereatur,
1094 1211 1150 1256 et
1191 1201 1439 1258 meliores
1475 1217 1577 1257 eos
1620 1201 1828 1267 reddat,

240 1290 691 1360 quemadmodum
728 1303 784 1347 et
821 1290 1097 1362 improbus
1125 1290 1225 1346 bac
1250 1291 1409 1346 etiam
1440 1291 1647 1346 ratione
1674 1291 1831 1361 puni-

242 1393 356 1438 tur.
401 1383 515 1438 Non
545 1383 685 1459 enim
715 1391 918 1438 tantum
938 1423 954 1449 ,
985 1382 1110 1438 dum
1136 1382 1357 1449 vivunt,
1396 1381 1490 1438 sed
1520 1382 1680 1437 etiam
1711 1397 1832 1437 cum

246 1472 573 1539 moriuntur,
597 1473 791 1527 multos
821 1472 1042 1537 laedunt,
1070 1488 1192 1528 cum
1218 1472 1454 1527 avaritiae
1481 1487 1591 1526 sure
1617 1473 1835 1542 pignora

244 1570 306 1617 et
341 1561 534 1616 indicia
576 1561 770 1632 ubique
809 1561 1199 1632 derelinquant.
1245 1560 1374 1627 Quae
1414 1575 1536 1616 cum
1563 1561 1835 1630 explorata

250 1652 408 1707 nobis
436 1653 562 1718 sint,
592 1669 697 1708 non
723 1667 817 1709 eos
841 1653 930 1723 qui
958 1667 1199 1723 peregre,
1227 1651 1322 1708 sed
1349 1667 1444 1707 eos
1472 1653 1560 1722 qui
1591 1662 1838 1723 peccato.

251 1759 370 1800 rum
411 1745 487 1798 rei
527 1745 861 1811 moriuntur,
901 1745 1126 1800 miseros
1154 1759 1504 1810 censeamus,
1546 1760 1718 1814 neque
1745 1760 1838 1802 eos

251 1836 340 1907 qui
369 1835 515 1891 domi
543 1844 702 1907 atque
729 1837 784 1891 in
823 1837 991 1895 lecto.
1023 1836 1119 1893 sed
1159 1851 1255 1893 eos
1279 1837 1366 1907 qui
1398 1850 1517 1892 cum
1550 1836 1746 1892 virtute
1771 1852 1840 1893 ex

1479 435 1544 491 IN
1572 431 1946 489 MARTYRES
1985 434 2144 489 ΛΕδῖ
2157 432 2370 488 PTIOS.

3417 426 3518 482 63!

1933 567 2030 621 hac
2060 566 2165 621 vita
2191 563 2507 630 discedunt,
2543 561 2728 617 beatos
2767 561 3114 630 prmdicemus
3136 603 3150 628 ,
3181 576 3245 617 ac
3271 563 3521 618 virtutem

1930 669 2216 723 sectemur,
2245 656 2432 711 vitium
2464 654 2747 724 fugiamus.
2778 651 2868 707 Illa
2895 655 3038 708 enim
3065 662 3119 709 et
3143 654 3444 710 viventibus
3470 665 3522 710 et

1929 749 2282 805 morientibus
2325 746 2544 817 prodest
2587 764 2601 801 :
2644 745 2786 803 istud
2827 761 2954 802 vero
2993 761 3061 801 ex
3102 754 3326 816 utraque
3373 759 3525 817 parte

1930 838 2236 903 lardit,dum
2264 847 2318 894 et
2343 837 2443 901 hos
2470 836 2667 907 probro
2695 836 2879 903 afﬁcit,
2907 844 2962 890 et
2985 835 3053 891 ad
3075 836 3334 907 Supplicia
3359 837 3527 891 abdu-

1931 931 2005 985 cit
2028 938 2248 986 azterna.
2283 931 2422 984 Deus
2448 938 2626 983 autem
2647 969 2661 992 ,
2691 928 2779 998 qui
2807 929 2976 984 beatae
3006 928 3122 993 isti,
3153 944 3272 998 quae
3299 943 3398 983 nos
3425 928 3526 983 ho-

1931 1021 2122 1076 dierno
2148 1020 2236 1075 die
2264 1019 2635 1090 congregavit,
2664 1027 2722 1072 ut
2749 1027 3024 1076 certamen
3051 1017 3242 1083 iniret,
3275 1025 3329 1073 et
3357 1018 3528 1072 lucta-

1934 1120 2101 1175 retur,
2128 1118 2183 1165 et
2207 1110 2474 1175 vinceret,
2506 1117 2560 1164 et
2586 1117 2642 1164 ut
2665 1116 2950 1164 ornaretur
2975 1122 3173 1162 corona
3195 1149 3211 1174 ,
3239 1109 3528 1174 concessit,

1935 1200 2090 1255 nobis
2136 1199 2296 1254 etiam
2342 1199 2502 1254 simul
2545 1199 2794 1254 omnibus
2839 1198 2891 1254 in
2939 1197 3032 1253 illo
3080 1197 3202 1265 die‘,
3249 1207 3530 1268 postquam

1938 1291 2094 1361 hujus
2124 1292 2246 1345 vita:
2292 1305 2509 1346 cursum
2557 1289 2965 1356 absolverimus,
3017 1288 3238 1359 ejusque
3281 1288 3532 1342 mandata

1937 1392 1992 1439 et
2016 1384 2163 1453 leges
2189 1383 2760 1446 observaverimus,‘ut
2803 1381 2858 1435 in
2887 1391 3086 1436 mterna
3115 1380 3384 1451 possimus
3411 1393 3534 1433 san-

1938 1486 2038 1530 ctae
2076 1475 2232 1545 hujus
2261 1475 2598 1531 tabernacula
2626 1475 2858 1540 intrare,
2898 1473 3191 1539 concedat,
3234 1481 3286 1526 et
3314 1474 3534 1525 immor-

1944 1567 2136 1622 talibus
2180 1568 2335 1622 bonis
2388 1565 2587 1636 potiri,
2633 1566 2804 1636 gratia
2853 1573 2908 1620 et
2951 1564 3280 1634 benignitate
3325 1561 3533 1616 Domini

1942 1658 2110 1712 nostri
2135 1657 2261 1713 Iesu
2301 1657 2537 1720 Christi,
2581 1671 2704 1710 cum
2733 1670 2839 1726 quo
2867 1654 3010 1711 Patri
3038 1654 3206 1726 gloria
3229 1696 3242 1721 ,
3276 1666 3380 1708 una
3409 1666 3532 1707 cum

1944 1748 2145 1818 Spiritu
2171 1757 2386 1815 sancto,
2414 1748 2467 1802 in
2496 1747 2710 1802 szecula.
2745 1747 2937 1802 Amen.

1704 2422 2073 2484 MONITUM.

259 2701 392 2754 hinc
418 2714 546 2754 vero
579 2699 828 2769 sequitur
860 2696 1197 2767 probabilius
1227 2712 1349 2752 esse
1381 2695 1622 2750 habitam
1643 2707 1763 2748 eam
1801 2690 2295 2762 Constantinopoli,
2323 2706 2488 2762 quam
2521 2687 2825 2744 Antiochiae
2854 2685 3045 2740 fuisse.
3077 2682 3194 2739 Non
3221 2681 3368 2737 aliud
3395 2698 3525 2751 sup-

258 2814 400 2882 petit
435 2821 816 2882 argumentum
850 2829 862 2866 :
896 2809 964 2864 de
994 2809 1252 2864 firmitate
1292 2807 1608 2877 hujusmodi
1645 2806 1974 2876 conjectura:
1999 2805 2246 2876 judicent
2281 2804 2506 2860 eruditi.

335 2924 721 2996 interpretatio
758 2924 952 2981 Latina
990 2934 1074 2981 est
1110 2924 1408 2981 Frontonis
1447 2922 1650 2979 Ducmi.

833 3363 1357 3445 LAUDATIO
1435 3360 2005 3440 MARTYBUM
2082 3360 2786 3440 IEGYPTIORUM
2853 3343 2958 3430 (α).

332 3701 383 3755 Ι.
427 3696 729 3751 Laudantur
757 3692 996 3765 Egyptii
1043 3693 1182 3763 quod
1207 3693 1445 3763 reliquias
1471 3693 1653 3762 ubique
1679 3693 1847 3759 oriun-

254 3789 473 3851 derent;
509 3785 734 3853 reliquit:
769 3783 1075 3839 Sanctorum
1118 3781 1262 3836 urbes
1304 3781 1613 3836 custodiunt.
1639 3811 1712 3822 --
1747 3782 1850 3837 Be-

257 3877 503 3933 nedictus
529 3876 698 3940 Deus,
737 3875 953 3945 quando
978 3875 1137 3929 etiam
1167 3887 1233 3927 ex
1271 3872 1512 3945 Egypto
1547 3883 1810 3945 martyres
1829 3914 1844 3940 ,

252 3986 324 4025 ex
353 3968 582 4041 λεπριο
621 3967 708 4022 illa
735 3981 855 4022 eum
895 3965 1006 4021 Deo
1050 3975 1316 4036 pugnante
1362 3980 1426 4020 ac
1467 3965 1802 4019 insanissima
1829 4007 1844 4032 ,

254 4073 314 4117 et
361 4062 502 4117 unde
556 4061 716 4131 impia
775 4073 900 4124 ora,
955 4059 1096 4113 unde
1141 4057 1334 4128 lingua:
1376 4056 1730 4126 blaSphemae,
1779 4073 1844 4112 ex

256 4153 493 4224 Egypto
514 4160 776 4222 martyres
795 4150 1088 4215 habentur,
1119 4162 1218 4203 nec
1252 4149 1305 4202 in
1333 4147 1566 4219 Egypto
1600 4156 1801 4202 tantum
1827 4189 1843 4216 ,

254 4263 361 4304 nec
384 4247 435 4302 in
476 4246 698 4301 ﬁnitima
729 4244 1009 4314 vicinaque
1037 4243 1255 4312 regione
1278 4281 1295 4309 ,
1326 4241 1421 4297 sed
1449 4241 1646 4311 ubique
1674 4249 1844 4294 terra-

257 4356 400 4394 rum.
431 4338 500 4392 Et
518 4333 976 4406 quemadmodum
1016 4333 1070 4387 in
1109 4346 1334 4386 annona:
1369 4346 1577 4386 summa
1604 4330 1848 4385 ubertate

255 4445 380 4487 eum
418 4428 649 4484 viderint
687 4428 898 4481 urbium
945 4425 1133 4479 incolae
1173 4423 1431 4493 majorem
1457 4463 1473 4489 ,
1517 4437 1676 4493 quam
1720 4436 1849 4476 usus

258 4521 618 4574 habitatorum
661 4517 928 4585 postulet,
973 4530 1094 4570 esse
1146 4516 1386 4584 cepiam,
1431 4514 1498 4568 ad
1542 4513 1849 4584 peregrinas

259 4609 423 4666 etiam
455 4608 614 4662 urbes
640 4606 1023 4669 transmittunt;
1047 4620 1168 4659 cum
1199 4613 1422 4659 utsuam
1452 4604 1756 4659 comitatem
1787 4618 1850 4658 ac

258 4693 629 4756 liberalitatem
648 4696 968 4763 ostendant,
994 4705 1105 4750 tum
1125 4704 1185 4750 ut
1203 4737 1217 4761 ,
1241 4704 1436 4764 praeter
1463 4695 1652 4749 horum
1682 4695 1850 4749 abun-

258 4790 496 4845 dantiam
515 4830 529 4853 ,
562 4803 682 4842 cum
711 4787 962 4842 facilitate
996 4801 1083 4840 res
1103 4827 1117 4850 ,
1149 4786 1339 4854 quibus
1368 4787 1638 4855 indigent,
1666 4799 1850 4840 rursus

258 4880 328 4935 ab
368 4879 474 4933 illis
500 4879 601 4932 sibi
627 4868 939 4946 comparent
968 4893 981 4928 :
1014 4877 1091 4931 sic
1120 4886 1174 4930 et
1197 4875 1430 4946 JEgyplii
1453 4918 1468 4941 ,
1493 4876 1634 4946 quod
1663 4877 1853 4932 attinet

257 4968 327 5022 ad
362 4968 647 5036 religionis
688 4968 947 5028 athletas,
977 4964 1216 5020 fecerunt
1249 4982 1261 5018 :
1290 4981 1412 5021 cum
1443 4965 1580 5035 apud
1620 4982 1678 5021 se
1715 4966 1853 5021 mul-

260 5071 370 5114 tam
394 5073 580 5113 eorum
610 5058 700 5112 Dei
718 5058 1039 5128 benignitate
1057 5059 1264 5126 c0piam
1290 5069 1605 5125 cernerent,
1629 5075 1738 5116 non
1765 5062 1849 5115 in-

258 5167 394 5224 gens
425 5151 518 5206 Dei
546 5166 739 5206 munus
761 5167 854 5206 sua
875 5151 1090 5206 civitate
1109 5153 1510 5216 concluserunt,
1531 5154 1624 5208 sed
1652 5155 1705 5208 in
1731 5169 1850 5208 om-

263 5259 361 5298 nes
387 5253 544 5298 terrai
573 5251 753 5314 partes
775 5242 1032 5298 bonorum
1065 5244 1346 5299 thesauros
1375 5245 1709 5311 effuderunt;
1730 5262 1848 5300 cum

263 5345 319 5389 ut
343 5350 497 5389 suum
530 5335 581 5388 in
610 5334 797 5389 fratres
825 5351 1062 5389 amorem
1089 5337 1453 5416 ostenderent,
1488 5346 1595 5390 tum
1626 5348 1681 5391 ut
1705 5353 1848 5392 com-

265 5443 478 5482 munem
500 5428 738 5480 omnium
768 5427 1049 5481 Dominum
1074 5427 1276 5482 honore
1301 5429 1606 5495 afﬁcerent,
1639 5445 1702 5484 ac
1726 5432 1854 5484 civi-

265 5518 360 5572 tati
380 5534 490 5588 sua:
516 5519 742 5588 gloriam
772 5518 911 5587 apud
930 5535 1117 5573 omnes
1148 5530 1553 5589 compararent,
1589 5523 1853 5592 totiusque

261 5610 411 5665 orbis
459 5625 580 5664 esse
623 5611 958 5678 metropolim
1011 5611 1363 5666 declararent.
1393 5613 1522 5667 Nam
1563 5616 1605 5668 si
1653 5614 1853 5669 frivola:

265 5702 506 5773 quadam
530 5716 593 5754 ac
620 5701 824 5756 minimi
849 5703 1003 5772 pretii
1026 5705 1357 5768 occasiones,
1381 5721 1604 5774 quasque
1631 5707 1695 5760 ad
1717 5707 1854 5762 hanc

262 5805 468 5852 tantum
497 5794 658 5848 vitam
690 5793 842 5848 nobis
870 5794 1183 5862 conferunt,
1210 5795 1518 5864 largitiones
1550 5797 1688 5855 hunc
1713 5800 1852 5857 mul-

326 5907 400 5973 ια)
433 5906 610 5959 Collata
634 5920 745 5959 cum
764 5907 905 5958 Codd.
926 5916 1076 5973 negg.
1106 5911 1241 5972 19'”,
1272 5919 1320 5961 ct
1342 5912 1481 5963 2515.

1961 3697 2032 3751 tis
2059 3697 2281 3753 urbibus
2297 3697 2553 3753 honorem
2581 3699 2862 3768 acquirere
2889 3708 3202 3769 potuerunt,
3227 3712 3405 3752 nonne
3428 3711 3544 3752 eam

1957 3789 2136 3859 potius
2160 3832 2176 3857 ,
2204 3806 2323 3861 qua:
2353 3791 2484 3847 nihil
2515 3806 2580 3845 ex
2610 3791 2828 3846 caducis
2853 3801 2907 3845 et
2931 3790 3370 3860 corruptibilibus
3390 3788 3548 3842 rebus

1959 3879 2200 3949 largitur,
2235 3896 2330 3936 seo
2355 3881 2518 3946 viros,
2549 3881 2638 3949 qui
2665 3881 2912 3948 urbibus,
2936 3897 3054 3947 quae
3076 3881 3179 3935 illis
3205 3879 3513 3934 obvenerint
3530 3917 3546 3942 ,

1957 3978 2074 4041 post
2090 3973 2293 4028 obitum
2317 3975 2476 4028 etiam
2507 3982 2762 4042 przestant
2785 3975 3147 4040 securitatem,
3169 3984 3276 4043 pm
3297 3971 3549 4026 omnibus

1956 4080 2167 4134 mquum
2195 4073 2278 4119 est
2315 4064 2415 4118 hac
2441 4063 2660 4118 honoris
2683 4063 3033 4133 praerogativa
3063 4063 3292 4118 donari?
3318 4062 3546 4118 Sancto-

1956 4171 2074 4211 rum
2097 4157 2239 4210 enim
2268 4156 2461 4210 borum
2483 4169 2709 4224 corpora
2733 4153 2920 4223 quovis
2946 4153 3287 4207 adamantino
3317 4162 3372 4208 et
3397 4153 3546 4207 inex-

1957 4246 2222 4317 pugnabili
2246 4261 2402 4300 muro
2431 4247 2595 4299 tutius
2624 4243 2778 4298 nobis
2800 4243 2990 4297 urbem
3016 4243 3260 4297 muniunt
3281 4282 3294 4305 ,
3327 4251 3381 4296 et
3409 4250 3547 4295 tam.

1954 4354 2112 4408 quam
2160 4337 2355 4392 excelsi
2397 4336 2611 4407 quidam
2650 4335 2856 4404 scopuli
2885 4333 3120 4404 undique
3150 4332 3546 4402 prominentes,

1957 4445 2062 4485 non
2105 4429 2292 4484 horum
2314 4471 2328 4493 ,
2365 4429 2456 4500 qui
2494 4427 2594 4482 sub
2618 4441 2808 4481 sensus
2838 4426 3105 4480 caduntet
3124 4424 3295 4479 oculis
3315 4438 3549 4478 cernun-

1958 4533 2044 4578 tur
2066 4565 2081 4588 ,
2114 4523 2346 4577 hostium
2377 4522 2608 4590 impetus
2637 4521 2949 4590 propulsant
2980 4527 3184 4573 tantum
3211 4559 3225 4581 ,
3269 4516 3363 4572 sed
3389 4516 3549 4570 etiam

1957 4615 2298 4669 invisibilium
2345 4613 2649 4668 dmmonum
2692 4610 2953 4676 insidias,
3007 4624 3302 4677 omnesque
3354 4605 3550 4661 diaboli

1957 4705 2170 4761 fraudes
2198 4704 2513 4759 subvertunt
2539 4718 2604 4757 ac
2643 4702 2942 4770 dissipant,
2986 4716 3092 4755 non
3136 4700 3312 4753 minus
3353 4697 3509 4752 facile
3535 4738 3552 4761 ,

1958 4812 2116 4867 quam
2150 4796 2195 4850 si
2220 4795 2372 4850 fortis
2402 4796 2483 4849 vir
2504 4795 2697 4864 aliquis
2720 4794 2924 4848 ludicra
2953 4806 3244 4862 puerorum
3275 4790 3549 4845 subverte-

1958 4898 2039 4943 ret
2063 4904 2125 4943 ac
2159 4896 2540 4957 prosterneret.
2563 4888 2642 4940 Ac
2668 4894 2861 4939 cretera
2892 4883 3106 4953 quidem
3139 4897 3257 4950 qua:
3280 4881 3346 4934 ab
3375 4879 3551 4933 homi-

1958 4979 2114 5034 nibus
2132 4978 2266 5033 ﬁunt
2291 4977 2718 5032 machinamenta
2741 5017 2755 5040 ,
2779 4975 2916 5029 sicut
2943 4973 3115 5038 muri,
3142 4971 3299 5025 fossae
3322 5013 3336 5035 ,
3369 4983 3514 5024 arma
3535 5010 3552 5035 ,

1959 5072 2183 5125 militum
2223 5071 2389 5139 copire
2422 5077 2476 5123 et
2501 5081 2850 5137 quaecumque
2877 5065 2944 5120 ad
2974 5065 3270 5118 incolarum
3299 5061 3555 5116 securita-

1959 5173 2065 5217 tem
2101 5162 2502 5230 excogitantur,
2539 5158 2607 5215 ab
2648 5158 2889 5211 hostibus
2915 5162 3140 5226 possunt
3165 5153 3408 5223 pluribus
3436 5152 3556 5205 aliis

1958 5256 2234 5324 multoque
2271 5253 2566 5321 majoribus
2597 5250 2859 5305 machinis
2903 5250 3140 5319 ipsorum
3171 5247 3357 5315 repelli
3389 5261 3404 5299 :
3433 5259 3553 5297 cum

1960 5365 2086 5403 \ero
2111 5355 2416 5403 sanctorum
2439 5345 2754 5414 corporibus
2782 5343 2942 5398 fuerit
2971 5343 3158 5396 civitas
3185 5339 3513 5394 communita
3536 5377 3554 5403 ,

1960 5444 2085 5498 licet
2137 5441 2442 5495 innumeras
2491 5439 2564 5492 illi
2614 5438 2870 5506 pecunias
2900 5434 3243 5503 expendant,
3295 5431 3550 5494 urbibus,

1959 5551 2077 5603 qua:
2106 5535 2247 5602 ipsos
2265 5531 2572 5601 possideant
2598 5571 2611 5594 ,
2642 5529 2860 5583 minime
2887 5534 3136 5597 poterunt
3160 5525 3362 5592 :equale
3383 5520 3553 5590 quod-

1959 5627 2080 5681 dam
2112 5624 2600 5680 machinamentum
2643 5635 2934 5691 opponere.
2971 5618 3154 5686 Neque
3184 5631 3310 5670 vero
3351 5622 3554 5667 tantum

1961 5718 2217 5772 adversus
2260 5717 2541 5771 hominum
2583 5713 2836 5774 insidias,
2885 5719 2977 5766 aut
3023 5709 3279 5764 adversus
3314 5704 3552 5759 fallacias

1961 5809 2269 5865 daemonum
2307 5808 2451 5863 utilis
2488 5806 2644 5862 nobis
2679 5813 2763 5859 est
2805 5803 2922 5857 haec
2970 5800 3242 5871 possessio
3266 5839 3282 5864 ,
3326 5795 3556 5851 dilectis-

1965 5905 2134 5975 sime;
2180 5903 2275 5962 sed
2301 5903 2399 5960 etsi
2427 5899 2579 5959 nobis
2611 5898 2912 5959 communis
2939 5895 3196 5954 Dominus
3223 5894 3294 5950 ob
3320 5900 3558 5966 peccato.
