4084 6440
606 309 712 368 895

604 436 723 476 rum
759 425 1145 492 multitudinem
1191 433 1481 503 irascatur,
1505 436 1593 493 his
1619 437 1841 511 objectis
1871 441 2182 514 corporibus

601 515 857 570 continuo
903 523 1196 590 poterimus
1231 540 1352 582 eum
1383 531 1668 600 propitium
1705 534 1928 591 reddere
1958 536 2182 592 civitati.

603 600 815 661 Etenim
855 609 936 672 si,
966 613 1054 680 qui
1086 616 1250 670 multa
1293 621 1550 688 praeclare
1582 635 1892 694 gesserant,
1919 627 2182 697 majorum

601 703 905 753 nostrorum
933 710 1088 758 mtate
1117 717 1422 765 sanctorum
1453 711 1687 768 virorum
1717 716 1930 770 nomina
1953 726 2183 787 praeten-

599 782 809 852 dentes,
838 797 996 860 atque
1023 793 1091 848 ad
1112 794 1379 876 Abraham
1399 841 1412 863 ,
1437 799 1584 856 Isaac
1607 812 1662 860 et
1680 803 1845 860 Jacob
1869 782 2182 876 appellatio-

599 890 722 932 nem
771 881 1136 954 confugientes
1183 875 1379 960 (εεοάζ
1403 892 1509 955 32;
1546 893 1751 950 Barac]:
1791 897 1902 968 ε),
1937 875 2177 955 nonnihil

597 968 773 1026 solatii
813 968 938 1028 sunt
971 981 1246 1048 assequuti
1267 1023 1284 1048 ,
1314 997 1379 1038 ac
1407 999 1649 1056 magnam
1679 1002 1744 1042 ex
1775 987 1964 1044 horum
2004 991 2177 1045 nenti-

596 1072 723 1113 num
791 1069 1302 1128 commemoratione
1369 1074 1648 1132 utilitatem
1721 1078 2102 1149 decerpserunt
2156 1101 2171 1138 :

595 1149 764 1206 multo
790 1154 956 1224 magis
983 1172 1080 1211 nos
1105 1175 1212 1215 non
1239 1171 1442 1220 tantum
1467 1168 1686 1223 nomina
1707 1210 1722 1236 ,
1749 1170 1846 1226 sed
1876 1171 1988 1241 ipsa
2011 1216 2023 1235 .
2054 1189 2174 1244 qua

592 1236 959 1334 decertarunt,
983 1261 1209 1317 corpora
1232 1254 1624 1322 praetendentes
1647 1299 1662 1322 ,
1691 1259 1857 1316 Deum
1886 1236 2170 1334 propitium

590 1336 646 1384 et
664 1330 950 1403 benignum
977 1337 1176 1396 habere
1199 1345 1490 1412 poterihms
1511 1343 1574 1403 ac
1600 1330 2088 1426 placatum—Atque
2115 1365 2174 1412 ut

588 1435 674 1488 ea,
702 1437 821 1492 qua:
845 1426 1089 1498 dicimus,
1121 1433 1406 1492 verborum
1437 1437 1637 1496 fumum
1658 1439 1764 1499 n'on
1781 1459 1903 1502 esse
1921 1457 2167 1516 constet,

590 1523 786 1568 norunt
832 1517 984 1573 multi
1035 1535 1160 1583 cum
1211 1525 1618 1599 indigenarum,
1673 1543 1782 1589 tum
1836 1552 2022 1594 eorum
2077 1541 2168 1611 qui

584 1599 803 1659 aliunde
830 1620 1122 1678 venerunt,
1150 1626 1348 1685 quanta
1373 1633 1680 1678 sanctorum
1707 1627 1930 1683 istorum
1959 1630 2029 1685 sit
2057 1599 2163 1685 vir-

586 1698 706 1792 tus,
751 1695 842 1765 qui
885 1707 940 1754 α
984 1703 1290 1763 testimonio
1324 1723 1423 1766 suo
1447 1727 1566 1782 quae
1590 1713 1729 1770 dicta
1760 1728 1898 1778 sunt.
1929 1735 2170 1792 compro-

583 1780 731 1867 bant,
750 1797 820 1880 ut
841 1791 930 1859 qui
955 1806 1210 1864 quantam
1233 1801 1374 1875 apud
1403 1780 1569 1859 Deum
1596 1805 1842 1864 fiduciam
1864 1780 2164 1880 obtineant,

581 1877 947 1942 experimento
974 1888 1335 1954 compererint
1360 1908 1374 1944 :
1397 1906 1460 1947 ac
1484 1896 1676 1952 merito
1703 1912 1855 1954 sane.
1885 1900 2000 1957 Non
2020 1877 2161 1959 enim

581 1965 785 2056 vulgari
815 1971 974 2027 modo
998 1988 1098 2044 pro
1125 1979 1348 2036 veritate
1376 1981 1748 2056 decertarunt,
1776 1991 1870 2046 sed
1895 1993 2033 2049 adeo
2059 1996 2164 2050 for-

581 2054 707 2155 titer
760 2068 1084 2134 strenueque
1131 2069 1392 2155 violentos
1432 2083 1487 2130 et
1529 2054 1886 2139 intolerabiles
1933 2085 2162 2155 impetus

580 2148 839 2210 daemonis
863 2159 1208 2228 repulerunt,
1242 2180 1306 2221 ac
1342 2151 1387 2222 si
1413 2169 1467 2224 in
1497 2174 1672 2228 saxeis
1700 2174 2025 2248 ferreisque,
2053 2196 2160 2237 non

578 2250 755 2296 autem
782 2244 1025 2321 obnoxiis
1046 2255 1373 2323 corruptioni
1401 2262 1818 2336 mortalibusque
1836 2244 2160 2339 corporibus

577 2331 916 2394 decertarent
949 2343 1141 2412 :quasi
1162 2345 1272 2416 jam
1300 2348 1368 2404 ad
1393 2351 1533 2406 illam
1564 2331 1826 2424 passionis
1851 2331 2119 2429 expertem
2139 2402 2155 2428 ,

576 2433 634 2477 et
669 2426 1021 2485 immortalem
1049 2442 1291 2492 naturam
1318 2441 1526 2497 acerbis
1546 2459 1608 2498 ac
1631 2444 1870 2502 dolorem
1893 2426 2158 2508 inurentié

575 2513 676 2568 bus
705 2519 941 2587 corporis
961 2523 1280 2582 cruciatibus
1305 2544 1410 2585 non
1433 2532 1731 2600 cedentem,
1761 2541 2001 2596 translati
2027 2541 2158 2599 fuis-

575 2616 714 2700 sent.
747 2608 958 2668 Etenim
990 2623 1240 2687 tanquam
1257 2636 1412 2678 saeva:
1433 2627 1675 2695 qumdam
1705 2631 1928 2700 bellum,
1960 2636 2154 2694 crude-

574 2693 683 2761 les,
713 2709 769 2754 et
806 2700 1065 2766 imtnanes
1099 2722 1322 2778 corpora
1351 2693 1752 2774 circumstantes
1781 2722 2012 2794 undique
2033 2741 2153 2782 car-

572 2787 776 2885 uifices
797 2791 964 2849 latera
1003 2798 1370 2866 perfodiebant
1388 2844 1403 2870 ,
1442 2821 1634 2864 carnes
1664 2787 1966 2871 lacerabant
1985 2859 2002 2885 ,
2030 2833 2152 2876 ossa

571 2877 888 2976 detegebant
912 2899 973 2941 ac
999 2887 1339 2948 denudabant
1360 2937 1375 2962 ,
1408 2912 1507 2953 nec
1531 2914 1626 2955 eos
1652 2905 1936 2976 quidquam
1967 2877 2036 2963 ab
2063 2909 2150 2965 illa

570 2968 887 3028 crudelitate
913 2985 1074 3046 atque
1115 2979 1439 3039 immanitate
1471 2968 1758 3047 revocabat
1781 2968 1810 3060 ;-
1823 2997 1916 3052 sed
1940 3006 1995 3053 et
2029 3015 2151 3055 cum

572 3069 716 3130 terga
747 3067 1105 3132 pervasissent
1131 3086 1195 3128 ac
1217 3075 1418 3132 viscera
1439 3120 1452 3143 ,
1481 3091 1534 3136 et
1559 3084 1625 3137 ad
1653 3085 1834 3142 intima
1871 3101 2150 3159 penetras-

569 3161 724 3253 sent,
757 3158 1086 3216 reconditum
1119 3163 1176 3219 in
1213 3166 1318 3223 illis
1361 3169 1814 3232 fideithesaurum
1859 3184 2151 3253 compilau-

569 3239 825 3344 dum-non
857 3248 1172 3309 invenerunt
1205 3273 1220 3310 :
1251 3259 1376 3328 quin
1407 3261 1546 3317 idem
1585 3268 1760 3335 potius
1787 3270 1891 3326 illis
1916 3239 2145 3344 accidit,

569 3332 709 3430 quod
734 3335 1015 3430 aliquibus,
1035 3344 1122 3422 (ιμί
1152 3360 1273 3402 cum
1302 3349 1488 3406 urbem
1517 3332 1943 3426 augustissimam
1963 3407 1978 3430 ,
2010 3332 2149 3422 divi;

571 3421 659 3476 liis
689 3426 870 3483 multis
892 3431 1141 3490 refertam
1167 3478 1180 3503 ,
1211 3446 1262 3494 et
1291 3443 1521 3511 cepiosis
1551 3421 1816 3506 thesauris
1841 3421 2145 3523 epulentam

567 3513 898 3587 obsederint,
927 3533 982 3579 et
1002 3530 1204 3583 eversis
1230 3536 1497 3592 moenibus
1517 3539 1633 3609 ejus
1657 3544 1722 3596 ad
1749 3545 1862 3612 ipsa
1879 3513 2147 3617 'pecunia-

569 3618 685 3659 rum
710 3615 1070 3682 promptuaria
1092 3619 1424 3693 devenerint,
1445 3641 1627 3696 portas
1639 3615 1944 3704 everterint,
1969 3651 2146 3700 vectes

566 3697 906 3769 sustulerint,
956 3708 1316 3776 pavimentum
1365 3716 1684 3805 effuderint,
1710 3727 1890 3784 omnia
1928 3697 2144 3790 scrutati

567 3803 676 3842 non
713 3795 983 3861 potuerint
1017 3800 1134 3868 ejus
1165 3803 1369 3862 divitiis
1412 3795 1653 3882 abreptis
1670 3815 1965 3886 discedere.
1996 3824 2142 3882 Talia

569 3892 796 3949 namque
821 3897 945 3940 sunt
968 3889 1160 3945 animae
1184 3892 1320 3950 bona
1351 3914 1365 3949 :
1397 3915 1499 3953 non
1539 3908 1778 3973 corporis
1813 3913 2143 3978 passionibus

568 3970 888 4037 produntur,
919 3991 1043 4034 cum
1081 3996 1143 4035 ca
1180 3983 1291 4052 ipsa
1326 3998 1481 4044 caute
1515 3970 1746 4052 custodit
1775 3970 1942 4056 :licet
1971 4003 2142 4071 ipsum

566 4069 753 4126 pectus
779 4064 1035 4133 efl'odias,
1076 4078 1131 4126 et
1157 4084 1370 4142 raptum
1391 4093 1496 4133 acor
1530 4083 1829 4141 minutatim
1859 4064 2142 4162 «incidas,

567 4152 875 4210 thesaurum
905 4161 1065 4215 semel
1092 4175 1123 4215 a
1153 4163 1259 4220 lide
1295 4166 1396 4221 sibi
1435 4171 1694 4229 creditum
1741 4191 1848 4232 non
1889 4152 2142 4239 dimittet:

565 4241 677 4297 lloc
713 4255 891 4300 autem
929 4248 1123 4305 divina:
1149 4257 1335 4323 gratia:
1362 4273 1496 4328 opus
1520 4272 1634 4331 est,
1660 4281 1780 4335 qute
1811 4280 2000 4325 cuncta
2029 4272 2143 4329 dis-

565 4344 753 4399 pensat
791 4344 848 4391 et'
868 4338 922 4392 in
948 4340 1171 4400 infirmis
1199 4350 1514 4418 corporibus
1533 4355 1792 4414 mirabilia
1814 4371 1988 4429 potest
2015 4379 2140 4433 per-

564 4427 741 4480 licere.
766 4431 955 4522 ‘Atqne
997 4433 1097 4490 hoc
1135 4440 1349 4506 quidem
1380 4443 1727 4504 admiratione
1773 4427 1983 4522 dignius
2011 4427 2094 4512 est
2124 4475 2138 4512 :

563 4531 666 4568 non
694 4517 833 4572 enim
862 4522 1041 4591 modo,
1072 4542 1196 4580 cum
1223 4529 1358 4585 adeo
1388 4532 1804 4595 insaniissentac
1823 4544 2138 4614 saiviisseul,

561 4610 691 4664 nildl
717 4629 779 4667 ex
812 4613 1072 4672 thesauris
1111 4624 1397 4679 reconditis
1425 4627 1832 4698 subripuerunt,
1860 4635 1953 4690 sed
1981 4610 2140 4696 etiam

559 4702 854 4758 eil'ecerunt
875 4745 889 4771 ,
919 4717 975 4761 ut
999 4725 1094 4765 eos
1132 4705 1317 4781 majori
1346 4717 1592 4774 cautione
1616 4723 1980 4792 custodirent;
2011 4731 2138 4798 quin

559 4797 720 4850 etiam
749 4799 868 4853 illos
891 4816 1011 4856 eum
1046 4803 1392 4875 illustriores,
1428 4824 1536 4864 tum
1567 4815 1928 4881 cpulentiores
1963 4797 2138 4875 reddi-

557 4889 770 4944 derunt.
801 4891 915 4946 Non
939 4896 1078 4950 enim
1105 4898 1215 4965 jam
1241 4899 1416 4956 anima
1445 4904 1580 4969 sola,
1615 4906 1706 4960 sed
1731 4915 1786 4961 et
1812 4908 1983 4977 ipsum
2013 4927 2134 4966 cor-

558 4997 654 5049 pus
679 4982 895 5052 majoris
935 4988 1116 5055 gratia:
1141 4990 1334 5045 factum
1371 5006 1454 5048 est
1481 4996 1746 5068 particeps
1774 5015 1982 5072 :neque
2019 5013 2138 5057 tan—

558 5086 668 5128 tum
708 5090 865 5145 quam
911 5077 1178 5149 habebat,
1219 5100 1324 5139 non
1352 5087 1559 5152 amisit,
1600 5100 1876 5160 postquam
1922 5095 2137 5151 dissecti

554 5175 679 5219 sunt
702 5176 859 5236 atque
879 5173 1074 5226 concisi
1111 5183 1350 5244 persmpe
1367 5219 1382 5243 ,
1407 5179 1500 5232 sed
1522 5189 1574 5233 et
1602 5182 1868 5249 copiosius
1896 5185 1996 5240 sibi
2027 5201 2138 5239 ma-

553 5256 744 5328 jusque
786 5259 1080 5319 subsidium
1108 5270 1451 5335 comparavit.
1493 5271 1629 5338 Quid
1672 5274 1770 5328 hac
1799 5274 2014 5331 victoria
2039 5280 2139 5336 mi-

557 5353 775 5407 rabilius
823 5355 936 5409 ﬁeri
977 5358 1177 5426 possit,
1205 5375 1326 5415 cum
1370 5377 1463 5417 eos
1487 5405 1502 5429 ,
1545 5379 1680 5433 quos
1709 5365 2052 5434 detinebant,
2081 5381 2134 5425 et

554 5442 812 5499 obnoxios
849 5445 1144 5515 habebant,
1176 5449 1468 5508 ae‘vinctos
1504 5454 1785 5524 imperiose
1820 5457 2094 5519 caedebant
2116 5503 2131 5527 ,

553 5551 807 5606 superare
836 5553 944 5593 non
965 5543 1229 5608 potuerint
1251 5585 1268 5610 ,
1300 5545 1391 5599 scd
1412 5546 1478 5599 ab
1510 5548 1624 5601 istis
1651 5549 1844 5620 misere
1869 5565 1930 5606 ac
1954 5552 2131 5607 infeli-

553 5629 686 5682 citer
714 5629 1224 5690 vincerenturlNon
1256 5637 1396 5690 enim
1439 5638 1634 5694 bellum
1673 5656 1793 5694 cum
1830 5641 1991 5710 ipsis,
2038 5645 2130 5700 sed

554 5737 672 5775 cum
707 5720 996 5778 habitatore
1025 5724 1260 5797 ipsorum
1298 5730 1405 5787 Deo
1457 5732 1710 5801 gerebant
1755 5751 1765 5786 :
1807 5751 1923 5792 cum
1973 5752 2129 5807 gerro

1374 321 1431 378 S.
1472 321 1749 378 JOANNIS
1787 321 2262 381 CfﬂiYSOSTOMl
2299 326 2612 389 ARCHIEP.
2655 333 3181 397 CONSTANTINOP.

3772 347 3882 408 696

2296 443 2519 537 quicum
2551 447 2660 505 Deo
2684 451 2880 509 bellum
2903 458 3054 526 gerit,
3081 458 3439 528 necessarium
3455 477 3578 520 esse
3597 464 3761 537 plane
3781 483 3881 524 sn-

2289 533 2486 605 periori
2517 543 2753 609 potentia
2774 544 2930 612 vinci,
2953 561 3018 604 ac
3037 546 3202 604 solius
3237 562 3457 610 conatus
3507 533 3658 613 luere
3684 571 3880 629 ptenas

2287 625 2496 697 ignorat
2533 646 2713 694 nemo.

2356 718 2410 779 ἳ.
2437 719 2563 776 Cum
2596 723 2700 778 Deo
2723 726 2908 782 bellum
2933 731 3164 801 geritqui
3187 730 3442 807 lartyrcs
3469 747 3688 810 torquet.
3717 739 3874 798 Chri-

2285 809 2438 864 stiani
2459 813 2530 865 ad
2555 815 2760 869 metalla
2786 818 3033 874 damnati.
3054 853 3124 862 —
3151 822 3465 894 llujusmodi
3497 809 3625 884 sunt
3650 842 3878 887 sancto-

2283 915 2400 955 rum
2433 903 2687 961 victoriae.
2718 908 2870 976 Quod
2908 912 2953 966 si
2979 915 3268 969 certamina
3298 926 3353 972 et
3379 917 3536 974 lucta;
3565 933 3694 976 sunt
3734 925 3878 979 adeo

2283 992 2553 1050 mirabiles
2581 1011 2644 1051 ac
2672 1001 2980 1068 stupendae,
3012 1004 3136 1072 quid
3169 1005 3238 1060 de
3272 1009 3507 1076 praemiis
3543 1012 3876 1079 coronisque

2280 1081 2552 1151 dicemus,
2594 1102 2712 1156 quae
2741 1089 2975 1158 ipsorum
3009 1093 3303 1150 tolerantiae
3327 1101 3715 1155 reservantur?
3751 1101 3872 1156 Non

2279 1173 2420 1227 enim
2472 1175 2607 1230 intra
2659 1178 2757 1234 ista
2788 1188 3046 1237 tormenta
3089 1187 3475 1255 constiterunt,
3506 1203 3615 1245 nee
3645 1187 3873 1248 cursum

2278 1264 2365 1319 hlc
2402 1278 2555 1320 suum
2587 1267 3012 1340 interruperunt;
3049 1274 3143 1329 sed
3183 1275 3403 1332 ulterius
3446 1277 3663 1334 illorum
3690 1295 3869 1337 scam-

2276 1365 2416 1410 mata
2456 1358 2910 1426 protendebantur
2953 1379 2967 1416 :
3007 1363 3149 1433 quod
3184 1365 3457 1437 improbus
3484 1369 3707 1439 quidem
3751 1371 3867 1426 da:-

2276 1460 2400 1499 mon
2427 1449 2732 1505 accessione
2760 1465 3036 1520 poenarum
3061 1453 3286 1510 athletas
3311 1469 3372 1512 se
3394 1459 3868 1529 supplantaturum

2273 1549 2550 1626 speraret,
2588 1541 2726 1598 Deus
2749 1550 2929 1597 autem
2955 1538 3212 1615 benignus
3239 1547 3606 1618 permitteret,
3640 1565 3745 1607 nec
3772 1553 3871 1607 im-

2271 1630 2478 1701 pediret
2499 1673 2514 1695 ,
2544 1639 2600 1686 ut
2623 1640 2678 1687 et
2701 1632 2994 1689 infidelittm
3016 1635 3217 1690 insania
3247 1638 3580 1695 manifestior
3606 1642 3868 1698 omnibus

2271 1729 2587 1790 appareret,
2631 1732 2687 1777 et
2724 1723 3115 1792 splendidiores
3162 1727 3276 1782 istis
3320 1736 3535 1785 coronae
3577 1731 3867 1803 multoque

2271 1809 2447 1879 plures
2475 1821 2833 1868 necterentur.
2862 1814 2930 1869 Et
2955 1817 3402 1886 quemadmodum
3425 1820 3477 1872 in
3501 1819 3639 1877 Jobc
3662 1823 3814 1877 venit
3843 1840 3861 1878 :

2269 1898 2357 1955 hic
2383 1901 2595 1971 quidem
2621 1902 2802 1973 plures
2821 1904 3084 1962 adversus
3108 1922 3230 1963 eum
3258 1923 3447 1980 pmnas
3475 1925 3507 1964 a
3536 1911 3650 1967 Deo
3674 1920 3862 1981 postu-

2267 1989 2439 2058 labat,
2465 2006 2527 2046 ac
2555 2007 2614 2048 se
2648 1995 2907 2050 malorum
2937 1998 3356 2055 accumulatione
3379 2015 3701 2070 generosum
3731 2002 3857 2076 pio-

2267 2082 2390 2157 tatis
2415 2083 2670 2139 athletam
2696 2095 3069 2156 superaturum
3107 2090 3355 2159 sperabat
3386 2109 3400 2145 :
3428 2092 3520 2146 ille
3545 2107 3675 2148 vero
3708 2093 3856 2149 sine-

2265 2172 2376 2241 bat,
2404 2188 2468 2230 ac
2491 2177 2668 2244 pravis
2687 2177 3029 2246 petitionibus
3052 2181 3200 2249 pravi
3218 2181 3478 2238 daemonis
3500 2184 3814 2256 indulgebat
3831 2228 3853 2254 ,

2262 2274 2318 2317 et
2338 2263 2593 2318 athletam
2622 2278 2776 2320 suum
2803 2266 3145 2325 illustriorem
3174 2269 3429 2327 reddebat
3459 2271 3570 2328 :ita
3596 2275 3860 2333 nimirqu
3907 2285 3912 2288 '

2261 2351 2350 2408 hic
2376 2353 2584 2410 accidit.
2604 2351 2906 2428 'Postquam
2943 2360 3087 2416 enim
3132 2362 3373 2432 ipsorum
3417 2378 3616 2436 corpus
3661 2371 3858 2438 quavis

2261 2442 2375 2498 fera
2402 2445 2842 2502 crudelius-omni
2871 2463 2935 2503 ex
2972 2459 3122 2518 parte
3148 2440 3402 2523 depastus
3427 2463 3510 2510 est
3537 2464 3595 2511 et
3625 2456 3812 2512 exedit
3833 2494 3854 2512 .

2261 2534 2602 2608 linguamque
2625 2547 2680 2594 et
2707 2554 2769 2594 os
2789 2543 3109 2610 cruentavit,
3140 2545 3349 2601 tametsi
3379 2561 3485 2600 non
3506 2561 3703 2603 cruore
3718 2563 3851 2606 sat:-

2258 2636 2498 2696 ctorum,
2528 2629 2624 2685 sed
2644 2630 2950 2688 inhumanis
2973 2642 3028 2689 et
3054 2634 3360 2692 crudelibus
3387 2637 3493 2693 illis
3521 2639 3809 2693 sententiis
3829 2676 3846 2707 ς

2257 2717 2326 2773 ab
2350 2717 2567 2776 illorum
2601 2722 2852 2791 patientia
2886 2725 3057 2779 victus
3085 2734 3140 2780 et
3169 2726 3458 2782 inhumano
3483 2727 3575 2783 illo
3594 2727 3848 2784 convivio

2254 2807 2455 2865 affatim
2501 2811 2746 2880 expletus
2792 2823 2845 2869 et
2896 2824 3234 2871 exsaturatus
3279 2817 3554 2873 abscessu.
3601 2822 3680 2875 Ac
3722 2817 3852 2874 vide

2255 2909 2454 2970 quanta
2479 2901 2633 2957 fuerit
2660 2905 2913 2973 patientia
2943 2917 3249 2963 sanctorum
3268 2951 3282 2973 ,
3313 2924 3432 2979 qme
3462 2917 3670 2965 tantum
3695 2910 3850 2965 furo-

2255 3003 2369 3045 rem
2397 2992 2508 3047 suis
2536 2994 2859 3050 cruciatibus
2879 2998 3237 3054 exsatiaverit.
3267 2998 3461 3055 invasit
3485 3015 3694 3083 rursus,
3716 3015 3848 3058 cum

2254 3078 2434 3137 furore
2459 3092 2728 3139 certamen
2761 3086 3087 3154 instaurans,
3114 3104 3179 3145 ac
3205 3090 3343 3146 feras
3366 3105 3552 3147 omnes
3579 3078 3682 3147 alia
3713 3107 3846 3148 cru-

2253 3171 2472 3230 delitate
2499 3188 2753 3245 superare
2781 3178 3110 3234 contendens
3138 3198 3152 3233 :
3183 3181 3445 3251 siquidem
3481 3183 3587 3238 illae
3634 3195 3846 3242 natura

2254 3264 2571 3320 necessitate
2600 3265 2842 3336 impulsas
2878 3268 2943 3323 ad
2981 3267 3082 3324 hoc
3119 3272 3420 3328 convivium
3459 3272 3706 3330 feruntur
3729 3317 3746 3341 ,
3784 3288 3846 3332 et

2250 3353 2457 3407 satiata:
2487 3354 2762 3422 recedunt,
2791 3366 2847 3412 et
2875 3358 2921 3412 si
2949 3358 3030 3413 vel
3051 3369 3304 3420 sexcenta
3330 3363 3560 3418 viderint
3583 3380 3841 3435 corpora,

2251 3444 2453 3500 nullum
2477 3461 2541 3501 ex
2567 3445 2672 3500 illis
2696 3448 2962 3518 attingtmt
2995 3467 3010 3505 :
3037 3450 3123 3506 hic
3143 3467 3272 3506 vero
3292 3467 3359 3508 ex
3384 3454 3547 3509 animi
3570 3458 3846 3526 pravitate

2236 3536 2316 3592 ad
2342 3552 2519 3593 escam
2549 3538 2705 3596 istam
2734 3540 2988 3610 pergebat
3012 3583 3027 3607 ,
3062 3530 3326 3599 eteorum
3365 3547 3618 3603 carnibus
3652 3550 3843 3620 capie-

2229 3637 2372 3695 .tus,
2410 3629 2632 3684 alteram
2659 3629 2916 3685 adversus
2937 3631 3057 3686 illos
3082 3633 3380 3689 machinam
3407 3634 3736 3707 fabricatur,
3771 3655 3843 3699 ae

2245 3731 2462 3774 sanctos
2484 3719 2809 3790 longissime
2831 3723 3301 3795 acerbissimeque
3328 3727 3485 3780 morti
3511 3727 3710 3784 addicit
3737 3747 3753 3784 :
3781 3733 3839 3786 in

2247 3810 2478 3868 metallis
2513 3813 2656 3868 enim
2698 3813 2818 3867 illos
2865 3828 3001 3883 opus
3049 3813 3226 3870 facere
3272 3809 3529 3886 perpetuo
3563 3819 3750 3886 jussit.
3788 3820 3844 3878 ο

2245 3899 2532 3956 amentiam
2572 3903 2929 3972 singularem!
2975 3919 3095 3962 cum
3136 3906 3208 3959 ita
3251 3905 3586 3964 manifestum
3624 3913 3842 3980 experi-

2247 4001 2490 4048 mentum
2518 3994 2750 4064 cepisset
2777 3994 3106 4050 fortitudinis
3142 3997 3380 4068 ipsorum
3405 4013 3468 4055 ac
3499 4001 3796 4057 tolerantite
3817 4045 3838 4068 ,

2249 4086 2350 4141 hac
2388 4087 2591 4142 ratione
2637 4101 2698 4143 se
2745 4097 3118 4158 superaturum
3156 4090 3479 4148 conﬁdebat.
3520 4092 3657 4148 Cum
3704 4093 3840 4152 feris

2248 4174 2405 4244 igitur
2434 4175 2740 4232 habitabant
2768 4179 2979 4246 sancti,
3026 4179 3434 4236 centubernales
3474 4183 3788 4255 angelorum
3812 4226 3834 4256 ,

2245 4280 2308 4320 ac
2355 4269 2606 4322 caelorum
2647 4269 2822 4335 cives,
2865 4279 2918 4324 et
2960 4284 3205 4339 supernae
3243 4270 3536 4328 Jerusalem
3577 4272 3838 4344 deinceps

2247 4357 2496 4427 adscripti
2528 4376 2541 4412 :
2570 4369 2681 4414 tum
2709 4375 2837 4415 vero
2865 4361 3100 4416 sanctius
3134 4370 3250 4416 erat
3273 4371 3457 4432 postea
3484 4363 3676 4434 quavis
3699 4367 3836 4422 urbe

2248 4448 2540 4504 desertum.
2566 4453 2741 4519 Atque
2761 4451 2815 4505 in
2838 4451 3058 4507 urbibus
3086 4452 3301 4522 quidem
3321 4453 3436 4508 haec
3466 4453 3650 4524 iniqua
3676 4465 3732 4510 et
3757 4466 3836 4528 ty-

2245 4545 2459 4598 rannica
2504 4542 2693 4598 diebus
2717 4543 2944 4612 singulis
2971 4543 3221 4599 mandata
3249 4544 3706 4612 conficiebantur,
3735 4547 3836 4604 de-

2247 4646 2444 4689 sertum
2489 4643 2668 4689 autem
2700 4635 2974 4690 inhumani
3003 4636 3282 4692 ministerii
3313 4639 3454 4694 illius
3489 4639 3837 4698 immunitate

2245 4725 2545 4793 gaudebat;
2575 4725 2858 4780 tribunalia
2887 4726 3100 4797 quidem
3143 4727 3300 4797 plena
3331 4726 3550 4782 nefariis
3572 4729 3834 4786 facinori-

2245 4819 2340 4872 bus
2369 4819 2762 4885 redundabant,
2787 4818 3104 4889 injustisque
3133 4817 3395 4873 mandatis
3419 4835 3434 4876 :
3457 4819 3668 4876 deserta
3701 4837 3833 4878 vero

2246 4910 2547 4964 mortalium
2571 4918 2884 4964 cunctorum
2901 4909 3225 4978 justissimos
3251 4909 3396 4966 cives
3422 4909 3711 4975 habebant,
3740 4914 3832 4984 qui

2243 5015 2308 5054 ex
2337 5001 2640 5056 hominibus
2669 5002 2841 5071 angeli
2872 5001 2995 5055 facti
3023 5011 3176 5057 erant
3209 5021 3222 5056 :
3249 5017 3370 5057 cum
3394 5003 3525 5058 cat-lo
3553 5003 3832 5060 desertum

2242 5094 2496 5157 certabat,
2528 5095 2714 5148 saltem
2740 5095 2809 5148 ob
2829 5096 3073 5149 virtutem
3101 5095 3314 5162 civium,
3342 5110 3372 5151 a
3402 5096 3594 5165 quibus
3616 5095 3831 5153 habita-

2244 5184 2416 5240 batur.
2448 5189 2524 5240 Ac
2553 5196 2738 5239 natura
2767 5185 2979 5255 quidem
3015 5201 3110 5242 sua
3140 5187 3450 5257 gravissima
3485 5195 3602 5242 erat
3634 5203 3828 5258 paena,

2242 5279 2332 5332 sed
2361 5279 2427 5333 ab
2447 5296 2630 5334 eorum
2659 5280 2935 5338 alacritate
2963 5281 3147 5345 animi,
3175 5282 3267 5351 qui
3294 5281 3669 5348 decertabant,
3697 5301 3826 5354 pro-

2241 5370 2388 5423 clivis
2421 5385 2482 5424 ac
2509 5370 2638 5425 levis
2668 5379 2723 5425 et
2749 5369 2918 5425 facilis
2949 5370 3270 5427 reddebatur
3296 5389 3310 5424 :
3336 5373 3740 5444 multiplicatam
3770 5390 3832 5428 se

2241 5461 2412 5515 lucem
2451 5461 2636 5516 intueri
2665 5470 2790 5520 tunc
2817 5460 3242 5526 arbitrabantur,
3272 5471 3326 5516 et
3349 5462 3490 5531 quod
3517 5463 3716 5518 dictum
3745 5475 3830 5518 est

2239 5554 2376 5621 apud
2403 5555 2708 5622 prephetam
2728 5594 2744 5617 ,
2776 5551 2924 5606 Luna
2947 5555 3040 5607 erit
3065 5565 3118 5606 ut
3139 5553 3216 5607 sol
3231 5595 3247 5617 ,
3274 5553 3351 5606 sol
3366 5563 3532 5610 autem
3564 5557 3828 5622 πρωρέα

2244 5645 2395 5713 (Ιδαὶ.
2429 5646 2516 5699 50.
2575 5645 2705 5710 26),
2758 5645 2895 5699 hanc
2919 5644 3018 5702 sibi
3044 5645 3295 5714 obtigisse
3347 5645 3515 5699 lucem
3541 5646 3823 5714 putabant.

2242 5736 2356 5794 Non
2384 5737 2523 5793 enim
2551 5745 2657 5806 est,
2685 5753 2789 5794 non
2817 5746 2918 5806 cst,
2945 5736 3155 5807 inquam
3179 5775 3193 5802 ,
3222 5735 3394 5790 anima
3426 5736 3713 5808 quidquam
3733 5735 3820 5790 hie
