4084 6446
252 586 461 649 larius,
509 595 630 654 qua:
668 581 827 649 digna
865 583 951 631 est
979 568 1157 626 habita
1200 582 1297 639 pro
1320 563 1534 623 Christo
1570 560 1682 654 pati
1709 556 1863 654 quid-

250 677 401 745 piam
432 651 617 729 eorum
641 710 659 734 ,
688 682 809 739 qua:
834 663 989 721 nobis
1009 660 1190 734 gravia
1216 668 1273 715 et
1300 652 1655 714 intolerabilia
1680 651 1869 745 viden-

250 741 364 819 tur.
402 763 522 820 lam
550 776 611 817 se
635 757 920 814 translatos
948 754 1002 809 in
1030 751 1222 808 caalum
1252 763 1394 813 esse,
1419 760 1483 801 ac
1509 759 1632 800 cum
1657 741 1865 814 angelis

245 857 461 917 ducere
505 853 729 909 choreas
778 847 1060 920 putabant.
1107 841 1246 911 Quid
1290 840 1434 896 enim
1478 836 1708 907 amplius
1758 834 1865 890 illis

244 946 389 1001 caelo
417 952 474 999 et
495 940 700 1013 angelis
727 952 864 1009 opus
897 944 1048 1002 erat,
1082 947 1204 990 cum
1240 931 1295 986 in
1336 929 1550 984 deserto
1584 940 1708 981 cum
1756 923 1863 978 illis

249 1022 571 1106 angelorum
616 1030 873 1087 Dominus
918 1025 1075 1083 Jesus
1121 1022 1298 1078 esset?
1320 1019 1456 1075 Nam
1496 1018 1576 1085 si,
1606 1017 1695 1073 ubi
1734 1018 1868 1065 sunt

242 1128 358 1184 duo
384 1126 477 1183 vel
498 1134 608 1182 tres
627 1121 933 1194 congregati
962 1120 1016 1173 in
1045 1117 1263 1173 nomine
1287 1115 1427 1185 ejus,
1454 1112 1526 1167 ibi
1556 1119 1639 1166 est
1667 1110 1721 1164 in
1747 1122 1863 1164 me-

243 1219 341 1275 dio
357 1233 550 1275 eorum
580 1214 796 1287 (Matth.
827 1212 916 1278 £8,
945 1208 1062 1281 20),
1084 1208 1253 1263 multo
1274 1204 1444 1275 magis
1464 1205 1516 1258 in
1534 1200 1712 1258 medio
1733 1200 1859 1254 lllo-

241 1324 368 1365 rum
402 1318 527 1363 tunc
551 1314 702 1371 erat,
733 1304 824 1377 qui
851 1300 1162 1373 congregati
1193 1308 1303 1354 tum
1333 1296 1547 1351 fuerant
1569 1309 1677 1349 non
1714 1304 1774 1347 ut
1804 1292 1858 1348 in

246 1399 497 1462 nomine,
529 1395 623 1452 sed
651 1403 711 1450 ut
737 1409 835 1465 pro
860 1396 1077 1448 nomine
1106 1389 1225 1460 ejus
1251 1395 1511 1459 perpetuo
1538 1395 1857 1455 torqueren-

246 1497 357 1542 tur.
388 1485 569 1542 Nostis
596 1485 741 1541 enim
764 1524 782 1551 ,
808 1484 979 1538 nostis
1001 1489 1192 1551 aperte
1228 1478 1331 1533 hoc
1355 1475 1616 1546 supplicio
1643 1474 1858 1544 gravius

243 1591 376 1633 esse
400 1576 627 1641 nullum,
659 1587 862 1643 eosque
879 1614 895 1639 ,
923 1572 1012 1642 qui
1032 1568 1296 1625 sententia
1318 1577 1443 1623 sunt
1464 1566 1557 1621 illa
1580 1563 1852 1629 damnati,

242 1675 535 1725 sescentas
559 1666 691 1721 alias
714 1674 918 1721 mortes
942 1663 1103 1718 malle
1121 1661 1351 1717 tolerare
1367 1700 1384 1725 ,
1414 1673 1576 1729 quam
1607 1672 1702 1714 eos
1721 1699 1737 1723 ,
1765 1657 1858 1729 qui

243 1757 359 1814 illic
387 1758 694 1822 inuruntur,
718 1755 933 1811 dolores
956 1753 1242 1808 sustinere.
1263 1750 1492 1805 Metallis
1511 1749 1709 1805 addicti
1737 1748 1852 1804 fue~

242 1856 413 1914 runt,
445 1847 535 1903 ubi
576 1862 652 1902 res
678 1845 1037 1911 eﬂ'odicndum
1083 1852 1200 1899 erat
1230 1844 1546 1913 plerumque
1574 1841 1643 1897 ab
1686 1841 1851 1912 ipsis,

241 1940 339 2011 qui
365 1939 489 1995 auri
512 1939 731 2011 metallo
750 1945 904 1993 erant
924 1937 1293 2006 pretiosiores,
1312 1944 1367 1990 et
1388 1950 1541 2001 auro,
1564 1934 1707 2005 quod
1739 1948 1854 1989 ma-

243 2031 385 2087 teria
430 2046 537 2086 non
577 2037 820 2098 constat,
861 2028 1005 2100 quod
1047 2043 1154 2082 non
1193 2027 1569 2082 damnatorum
1605 2025 1856 2082 effoditur

242 2121 532 2188 manibus,
572 2120 670 2176 sed
711 2118 950 2175 ﬁdelium
976 2118 1215 2172 virorum
1255 2116 1435 2171 studio
1460 2116 1725 2185 reperitur
1753 2132 1769 2170 :
1798 2116 1854 2171 in

243 2212 486 2269 metallis
506 2225 643 2283 opus
669 2209 957 2275 faciebant,
974 2209 1063 2280 qui
1086 2208 1352 2264 thesauris
1376 2208 1670 2263 innumeris
1686 2193 1855 2263 abun-

244 2302 473 2357 dabant.
501 2300 639 2368 Quid
666 2308 783 2372 erat
809 2300 1025 2372 gravius
1050 2309 1107 2354 et
1141 2298 1388 2354 acerbius
1411 2298 1502 2353 illa
1532 2298 1677 2353 vita?
1701 2298 1771 2353 Et
1800 2299 1852 2354 in

241 2394 443 2464 seipsis
478 2395 725 2458 evenisse
766 2393 1103 2448 narrationes
1128 2400 1184 2446 et
1211 2391 1463 2446 historias
1491 2390 1560 2447 de
1588 2391 1717 2446 viris
1747 2391 1854 2447 illis

241 2483 457 2554 magnis
494 2482 822 2550 cernebant,
851 2496 986 2553 quas
1022 2481 1091 2537 de
1119 2481 1321 2536 sanctis
1349 2477 1513 2537 refert
1538 2481 1737 2536 Paulus
1763 2481 1851 2537 di-

241 2588 377 2629 cens
402 2590 418 2626 :
449 2572 769 2629 Circuimnt
792 2573 846 2627 in
870 2572 1089 2638 metatis,
1111 2573 1163 2626 in
1191 2571 1405 2642 pellibus
1415 2572 1675 2641 caprinis,
1696 2589 1851 2644 egen-

242 2674 319 2719 us
341 2706 357 2730 ,
385 2665 691 2735 augustiati.
721 2663 919 2735 amicti,
952 2662 1133 2733 quibus
1154 2662 1340 2734 dignus
1360 2678 1467 2717 non
1496 2671 1605 2717 erat
1633 2662 1851 2719 mundus

194 2748 197 2751 '
243 2756 434 2827 (Hebr.
460 2758 552 2812 it.
577 2757 674 2815 s7.
704 2756 821 2826 ss).

317 2845 539 2902 Muralis
566 2846 871 2901 exhortatio.
896 2873 969 2887 --
996 2844 1122 2900 [hec
1148 2844 1329 2916 itaque
1356 2859 1478 2900 cum
1502 2844 1760 2911 “sciamus,
1789 2850 1850 2901 et

241 2950 387 2992 nunc
412 2943 468 2991 et
490 2935 641 3001 olim,
671 2951 738 2990 ex
767 2951 875 3007 quo
900 2936 1012 2990 nati
1036 2943 1163 2990 sunt
1190 2934 1459 2999 homines,
1488 2948 1846 2990 aerumnosam

241 3034 301 3082 ct
323 3024 654 3082 laboriosam
682 3040 748 3081 ac
784 3025 1087 3080 innumeris
1117 3024 1368 3080 refertam
1394 3025 1552 3080 malis
1582 3024 1676 3078 Dei
1705 3024 1844 3078 ami-

241 3131 341 3173 cos
362 3131 555 3172 omnes
580 3116 749 3171 vitam
792 3130 915 3172 esse
940 3117 1162 3171 sortitos
1191 3134 1205 3169 :
1236 3130 1304 3170 ne
1330 3114 1615 3171 delicatam
1644 3130 1709 3171 ac
1732 3114 1847 3171 dis-

241 3207 473 3268 solutam
511 3216 569 3263 et
612 3206 974 3278 voluptatibus
1011 3204 1326 3262 afﬂuentem
1364 3207 1528 3262 vitam
1566 3217 1846 3263 consecte-

1223 461 1293 520 IN
1326 414 1389 516 Is.
1435 446 1710 523 rupem
1748 438 2159 503 MABTYREM.
2205 431 2628 491 —-uourruu.

3472 433 3576 492 698

1968 568 2109 620 mar,
2148 552 2243 609 sed
2282 551 2610 607 laboriosum
2647 557 2812 621 atque
2844 560 3204 604 aerumnosum
3235 545 3361 602 vitae
3388 560 3562 618 genus

1963 644 2273 703 afﬂictionis
2314 654 2370 701 et
2400 640 2631 700 miseriae
2659 640 2903 713 plenum.
2932 638 3003 698 Ut
3026 638 3174 698 enim
3214 638 3328 695 fieri
3367 640 3575 712 nequit,

1966 747 2026 793 ut
2053 736 2121 803 is,
2147 736 2238 807 qui
2278 734 2331 789 in
2368 748 2542 806 agone
2564 730 2864 799 contendit,
2894 745 2994 803 per
3019 744 3268 786 somnum
3294 737 3349 785 et
3378 737 3570 798 torpo-

1963 828 2081 883 fem
2126 841 2191 883 ac
2213 824 2437 883 delicias
2484 823 2715 880 coronas
2758 822 2922 879 etiam
2969 830 3353 892 consequatur,
3397 834 3577 890 neque

1963 919 2120 975 miles
2151 926 2376 990 trepxea,
2404 932 2580 988 neque
2609 924 2822 987 portum
2851 915 3204 987 gubernator,
3243 927 3348 970 nec
3381 928 3568 969 aream

1962 1008 2228 1079 repletam
2251 1010 2488 1082 agricola
2515 1027 2529 1064 :
2558 1010 2641 1064 sic
2668 1023 2770 1065 nec
2796 1015 2860 1063 ut
2880 1007 3074 1073 ﬁdelis,
3104 1007 3196 1079 qui
3224 1006 3392 1061 vitam
3415 1006 3571 1061 suain

1963 1099 2016 1153 in
2046 1099 2259 1171 pigritia
2302 1113 2370 1155 ac
2403 1098 2723 1154 remissione
2766 1089 3085 1163 traduxerit,
3121 1095 3261 1151 bona
3305 1095 3572 1166 promissa

1960 1200 2347 1261 consequatur.
2387 1191 2584 1245 Annon
2622 1188 2782 1259 igitur
2802 1187 3093 1244 absurdum
3119 1193 3203 1244 est
3229 1187 3282 1240 in
3317 1185 3573 1241 omnibus

1959 1281 2175 1353 quidem
2202 1281 2365 1337 rebus
2404 1280 2587 1337 saeculi
2633 1279 2792 1351 hujus
2830 1289 2957 1336 ante
2994 1280 3324 1350 voluptatem
3356 1279 3571 1334 labores

1961 1387 2084 1428 esse
2106 1372 2433 1443 propositos,
2479 1378 2535 1427 et
2570 1380 2699 1426 ante
2737 1371 3084 1427 securitatem
3122 1369 3379 1440 pericula,
3410 1368 3571 1439 idque

1959 1476 2086 1517 cum
2116 1462 2306 1516 vilium
2346 1468 2413 1517 et.
2443 1462 2757 1531 exiguarum
2809 1475 2993 1516 rerum
3022 1468 3147 1531 post
3192 1459 3406 1516 labores
3446 1459 3571 1519 illos

1957 1553 2294 1622 exspectatio
2318 1553 2687 1625 relinquatur;
2724 1567 2850 1610 cum
2876 1567 3010 1609 vero
3040 1552 3232 1608 caelum
3274 1552 3346 1607 sit
3371 1567 3570 1623 pr0po-

1958 1644 2143 1710 situm,
2172 1644 2489 1717 angelorum
2531 1646 2785 1713 honores,
2824 1646 2937 1701 vita
2966 1654 3096 1716 ’qute
3141 1645 3292 1700 nullo
3317 1645 3425 1701 fine
3462 1654 3569 1701 ter-

1957 1737 2213 1802 minatur,
2250 1750 2374 1790 cum
2413 1734 2619 1806 angelis
2656 1733 3020 1801 conversatio,
3061 1746 3117 1791 et
3142 1735 3281 1791 bona
3321 1750 3442 1806 qua:
3466 1750 3568 1791 uec

1957 1826 2253 1898 intelligere
2300 1842 2403 1883 nec
2440 1826 2591 1882 effari
2630 1827 2918 1897 quisquam
2955 1833 3135 1897 potest
3164 1843 3179 1881 :
3205 1840 3425 1897 sperare
3468 1840 3569 1881 nos

1957 1912 2093 1982 fore,
2124 1924 2181 1970 ut
2208 1931 2303 1986 per
2329 1914 2591 1971 desidiam
2616 1926 2671 1971 et
2707 1916 2957 1971 inertiam
2983 1914 3258 1985 animique
3286 1914 3567 1970 remissio-

1960 2020 2083 2060 nem
2119 2020 2181 2061 ea
2216 2020 2630 2077 consequamur,
2660 2020 2758 2061 nec
2783 2004 3033 2061 eamdem
3062 2004 3168 2060 illis
3191 2004 3399 2076 dignari
3439 2004 3565 2060 dili-

1958 2098 2196 2167 gentiam
2248 2113 2410 2168 quam
2458 2096 2809 2152 saecularibus
2866 2095 3030 2151 rebus
3071 2084 3421 2164 impendere?
3464 2094 3564 2162 Ne,

1954 2188 2204 2255 obsecro,
2222 2203 2292 2244 ne
2316 2186 2453 2253 adeo
2477 2188 2619 2243 male
2633 2186 2702 2243 de
2722 2185 2900 2254 nobis,
2924 2185 3096 2256 deque
3116 2193 3300 2240 nostra
3327 2186 3565 2256 ipsorum

1955 2278 2131 2334 salute
2162 2287 2498 2357 statuamus;
2540 2277 2635 2334 sed
2663 2277 2832 2334 oculis
2856 2276 3058 2333 nostris
3079 2275 3148 2332 ad
3182 2284 3400 2332 sanctos
3433 2275 3568 2333 istos

1954 2368 2256 2435 conversis,
2281 2368 2351 2424 ad
2381 2382 2674 2440 generosos
2698 2379 2857 2439 atque
2880 2368 3174 2424 tolerantes
3191 2366 3443 2437 athletas,
3474 2369 3565 2438 qui

1954 2461 2130 2526 nobis,
2155 2470 2217 2516 ut
2246 2461 2397 2530 quasi
2419 2458 2566 2517 faces
2593 2460 2943 2532 praeluceant,
2964 2460 3074 2515 dati
3095 2466 3244 2527 sunt,
3270 2458 3337 2514 ad
3371 2459 3565 2516 horum

1955 2551 2295 2608 tolerantiam
2324 2550 2487 2624 atque
2516 2553 2828 2624 patientiam
2857 2553 3023 2607 vitam
3064 2560 3303 2607 nostram
3331 2566 3559 2620 compo-

1961 2658 2178 2711 namus,
2211 2654 2271 2698 ut
2313 2659 2501 2700 eorum
2534 2643 2805 2714 precibus,
2848 2653 3131 2714 postquam
3159 2640 3285 2697 hinc
3326 2656 3565 2697 excesse-

1955 2736 2149 2800 rimus,
2201 2751 2325 2792 cum
2368 2737 2492 2792 illos
2542 2736 2747 2801 videre.
2802 2745 2914 2791 tum
2962 2735 3213 2806 amplecti
3272 2734 3563 2804 possimus,

1954 2832 2118 2895 atque
2154 2826 2207 2881 iu
2238 2827 2344 2881 illis
2388 2826 2695 2882 cmiestibus
2724 2825 3079 2882 labet-naeuus
3119 2823 3397 2881 collocari.
3427 2823 3562 2891 Qun:

1954 2929 2056 2972 nos
2093 2931 2284 2973 omnes
2324 2916 2525 2972 utinam
2569 2930 2988 2988 consequamur,
3018 2915 3185 2985 gratia
3213 2922 3269 2969 et
3312 2911 3548 2984 benigni-

1952 3014 2062 3061 tate
2094 3005 2300 3061 Domini
2329 3006 2499 3062 nostri
2523 3005 2653 3062 Jesu
2675 3004 2900 3072 Christi,
2928 3021 3024 3077 per
3045 3018 3206 3075 quem
3228 3011 3425 3058 etcum
3456 3018 3565 3074 quo

1952 3096 2100 3152 Patri
2122 3105 2178 3153 et
2209 3097 2430 3169 Spiritui
2462 3105 2650 3154 sancto
2678 3096 2849 3168 gloria
2897 3096 2951 3151 in
2991 3095 3185 3150 stccula
3213 3094 3563 3159 smeulorum,

1954 3187 2151 3243 Amen.
3160 3199 3195 3211 ‘-

2553 3566 2933 3583 .r-—————————.¥
2744 3581 2773 3583 A7
2944 3568 3471 3583 ...φ-..-μακι-

1682 3821 2039 3885 MONITUM
2050 3869 2065 3885 .

237 4079 482 4173 Phocam
515 4083 1015 4158 Thaumaturgum.
1056 4089 1123 4146 Et
1160 4089 1215 4145 in
1250 4090 1637 4164 Martyrologio
1670 4092 1921 4150 Romano
1960 4095 2193 4167 legimus
2225 4096 2261 4152 5
2288 4095 2465 4153 Martii
2495 4112 2561 4154 ex
2594 4097 2859 4171 Gregorio
2890 4097 3201 4156 Turonensi
3239 4098 3317 4157 De
3351 4100 3529 4173 gloria

236 4170 583 4248 Martyrum:
622 4174 847 4235 Natalis
892 4177 952 4235 S.
1002 4178 1198 4236 Phoco:
1219 4183 1361 4251 apud
1391 4183 1751 4239 Antiochiam.
1802 4184 2048 4259 Itemque
2094 4188 2163 4242 u
2201 4185 2334 4244 Julii
2370 4206 2385 4244 :
2425 4188 2620 4259 Sinope
2657 4170 2725 4245 in,
2743 4191 2918 4245 Ponto
2965 4189 3026 4246 S.
3056 4189 3249 4248 Phocis
3277 4170 3531 4265 martyris

237 4267 475 4338 ejusdem
538 4268 770 4324 civitatis
816 4267 1089 4340 Episcopi,
1145 4273 1306 4343 cujus
1360 4276 1619 4346 reliquias
1682 4276 1948 4334 Viennam
2006 4279 2200 4336 Galliae
2256 4280 2553 4337 translatas
2612 4281 2733 4337 Ado
2787 4289 3023 4337 testatur
3087 4282 3145 4337 in
3205 4281 3531 4354 Chronico;

237 4356 295 4414 in
350 4356 651 4429 Horologio
722 4359 1037 4419 Graecorum
1105 4366 1179 4419 22
1240 4364 1391 4422 Junii
1438 4378 1699 4438 notatur,
1763 4374 1798 4443 ή

1958 4373 2169 4446 ικομιδὴ
2250 4373 2349 4429 τοῦ
2420 4375 2677 4445 λειψάνου
2740 4376 2836 4429 τοῦ
2901 4375 3059 4446 ἁγίου
3122 4377 3528 4450 ἱερομάρτυρος

236 4451 427 4517 Domi,
458 4455 607 4523 quod
640 4456 783 4527 apud
804 4457 1119 4517 Usuardum
1152 4479 1183 4518 a
1209 4462 1424 4521 Molano
1451 4467 1657 4522 editum
1689 4470 1771 4524 sic
1803 4470 2021 4538 legitur,
2050 4470 2363 4541 Reportatio
2393 4469 2616 4540 Lipsam‘
2642 4471 2818 4525 sancti
2847 4469 3264 4542 ﬂ’ieromartyris
3288 4471 3482 4528 Htoctc
3509 4488 3532 4529 :

238 4542 295 4635 in
320 4544 649 4604 Calendario
673 4565 804 4605 vero
830 4550 1166 4618 Graecorum,
1207 4557 1500 4629 interprete
1538 4560 1911 4631 Genebrardo,
1939 4562 2247 4618 Translatio
2271 4562 2641 4633 Reliquiarum
2668 4561 2864 4635 Phocis
2893 4564 3188 4635 martyris;
3222 4580 3418 4621 rursus
3458 4566 3533 4621 22

240 4634 599 4736 septembris,
636 4642 732 4736 tot":
745 4643 908 4736 Aegion
937 4647 1335 4720 ἱερομάρτυρος
1379 4652 1562 4706 Φωκᾶ.
1591 4652 1647 4707 In
1690 4652 1855 4709 Meno?

1964 4671 1997 4711 ο
2023 4670 2197 4727 graece
2237 4630 2479 4711 Venetiis
2521 4655 2667 4710 edito
2697 4630 2934 4726 duplicis
2957 4630 3155 4711 Phocea
3184 4658 3372 4726 passio
3396 4658 3530 4715 bre-

235 4727 380 4779 viter
416 4727 720 4830 eodem-die
741 4732 813 4786 22
833 4732 1175 4804 Septembris
1198 4741 1617 4812 perstringitur;
1646 4759 1712 4797 ac
1733 4744 1851 4813 prio

1958 4746 2216 4815 quidem;
2251 4743 2348 4798 τοῦ
2375 4745 2531 4815 ἁγίου
2565 4745 2971 4819 ῐερομάρτυρος
3002 4747 3168 4801 Φωκᾶ
3192 4747 3286 4802 τοῦ
3311 4748 3529 4820 θαυμα-

232 4820 497 4914 τοξιργοῖρ,
527 4820 624 4890 qui
645 4820 828 4914 fuisse
849 4824 1122 4897 Pamphili
1153 4838 1209 4885 et
1230 4830 1414 4887 Maria:
1442 4834 1588 4889 ﬁlius
1617 4836 1956 4904 perhibetur,
1986 4835 2193 4908 Sinope
2219 4836 2275 4891 in
2298 4834 2477 4892 Ponto
2498 4844 2688 4906 natus,
2720 4849 2885 4911 atque
2910 4854 2941 4894 a
2966 4841 3172 4899 teneris
3206 4843 3527 4914 unguiculis

236 4903 633 4996 miraculorum
695 4911 867 4980 gloria
902 4914 1169 4972 claruisse
1230 4920 1393 4989 eique
1453 4903 1781 4995 martvrium
1840 4927 1953 4981 hoc
1998 4903 2157 4996 signo
2206 4929 2636 4996 prmnuntiatum
2673 4903 2769 4986 est

2824 4948 2838 4985 :
2900 4930 3147 4989 insidens
3189 4935 3354 5005 capiti
3407 4935 3532 5005 ejus

235 4995 791 5102 iOIUt‘nb‘aocoroﬁuam
822 5005 1084 5077 imposuit
1122 5009 1365 5068 humana
1395 5013 1670 5083 ejusmodi
1700 5033 1835 5075 voce
1864 4995 2075 5077 missa;
2110 4995 2304 5079 Mistus
2328 5033 2413 5080 est
2453 5024 2619 5090 calix,
2654 5036 2815 5096 teque
2860 5026 3051 5083 bibere
3096 4995 3529 5102 illum.oporttet.

235 5084 480 5193 git—edet
501 5089 607 5193 ipsi
640 5091 733 5148 Dei
760 5110 988 5154 munere
1018 5116 1341 5158 concessum
1378 5116 1464 5161 est
1493 5124 1507 5161 :
1537 5124 1664 5163 nam
1702 5108 2036 5182 lmperatore
2059 5114 2301 5184 Trajano
2332 5084 2658 5189 martyrium
2702 5084 2887 5188 gladio
2910 5120 3116 5192 pariter
3152 5133 3207 5177 et
3235 5084 3529 5193 ignecon-

235 5188 567 5282 ξιξωηὶδνη,
620 5192 753 5252 post
784 5198 1012 5282 mortem
1076 5192 1259 5250 clarus
1322 5196 1626 5255 miraculis.
1672 5199 1948 5259 Posterior
1994 5219 2125 5261 vero
2155 5206 2367 5264 Phocas
2429 5188 2630 5263 ibidem
2688 5188 3017 5269 hortulanus
3078 5188 3530 5282 fuisSe'dicitur,

237 5263 1058 5376 _3|nopf_.q"0queoriundus,
1096 5286 1190 5354 qui
1239 5288 1522 5355 satellites,
1578 5308 1609 5347 a
1669 5294 1871 5363 quibus
1921 5297 1989 5353 ad
2033 5314 2219 5354 necem
2275 5299 2645 5368 quaerebatur,
2712 5301 2951 5371 hospitio
2993 5305 3229 5374 excepit,
3276 5319 3339 5359 ac
3383 5263 3533 5375 seip:

234 5372 359 5467 fill“
412 5364 518 5467 illis
562 5372 825 5467 prodidit,
859 5378 936 5431 uti
990 5390 1179 5435 narrat
1215 5385 1358 5452 apud
1387 5384 1745 5454 Lipomannm
1796 5391 2069 5457 Asterius,
2095 5401 2146 5447 et
2180 5364 2462 5463 amputato
2497 5396 2672 5467 capite
2698 5364 2850 5467 grata
2895 5398 3005 5454 Deo
3035 5364 3257 5455 victima
3312 5364 3530 5455 oblatus

232 5453 358 5565 fuit:
410 5454 509 5565 ΑΕΧο
558 5461 646 5565 liis
700 5466 917 5523 duobus
968 5471 1230 5539 priorem,
1280 5479 1371 5544 qui
1426 5476 1726 5549 Episcopus
1776 5481 1914 5546 fuit,
1968 5453 2220 5553 suspicor
2274 5453 2377 5543 hac
2424 5453 2674 5545 oratione
2698 5453 2956 5557 “laudari,
2987 5494 3131 5563 quod
3193 5453 3530 5565 reponam;

235 5557 706 5655 Ξῖ¹η¹ῗ¹⁵⁰ν¹9⁸ί⁰ξ¹θ
763 5567 1028 5616 "acutus
1094 5565 1341 5629 dicam“
1407 5584 1515 5639 (1υο
1568 5572 1729 5626 mulo
1788 5576 1989 5644 S'J-‘Pius
2059 5578 2113 5631 ill
2183 5578 2486 5651 Menologio
2539 5581 2723 5655 [70$]
2787 5557 3093 5654 Episcopus
3142 5557 3527 5654 aut-Presbyo

234 5639 387 5749 ξῗίξε
423 5644 688 5749 ηιδτιγξξο
734 5660 1031 5749 βιοΐηειιίξδ
1062 5670 1090 5708 a
1131 5655 1335 5713 Graecis
1372 5660 1623 5729 insigniri
1673 5664 1854 5729 video,
1895 5677 1953 5721 ut
1985 5669 2280 5740 lgnatium,
2338 5639 2661 5743 Dionysium
2707 5639 2771 5730 let
2824 5639 3086 5741 Dlasiuin,
3121 5684 3178 5728 ut
3211 5684 3265 5730 et
3308 5639 3528 5749 ispopo-

234 5727 437 5800 νάχους
476 5737 748 5803 appellant
779 5744 1103 5810 monachos,
1129 5748 1220 5816 qni
1250 5750 1546 5821 presbyteri
1577 5758 1769 5821 creati,
1801 5766 1854 5813 et
1884 5758 1938 5814 iu
1970 5727 2403 5820 ecclesiasticam
2431 5727 2796 5821 hierarcliiam
2841 5774 2970 5821 sunt
2992 5727 3192 5820 allecti.
3226 5784 3243 5817 ο

313 5841 694 5916 interpretatio
729 5849 922 5911 Latina
958 5865 1039 5913 est
1075 5855 1368 5921 Frontonis
1403 5862 1602 5922 Bucari.
