4084 6434
241 321 350 378 699

1386 330 1450 387 IN
1499 331 1555 388 s.
1599 329 1881 410 pnocm
1921 329 2322 389 “unum

3381 331 3489 391 700

644 933 835 1010 [ηαδ]
899 946 1074 1033 ΕΙΣ
1136 927 1365 1034 TON
1422 947 1760 1032 APION
1815 949 1848 1031 1

1953 880 2581 1032 ΡΟΜᾹΡΊὙΡΑ
2643 939 3080 1032 ΦΩΚΑΝ.

1491 1385 1612 1438 ΚΑΙ
1658 1383 1849 1438 ΚΑΤΑ
1886 1381 2269 1439 ΔΙΡΕΤῙΚΩΝ

353 1773 468 1833 Kal
502 1773 592 1843 είς
620 1772 730 1829 τὸν
760 1778 900 1845 ρμαθ
926 1771 1196 1844 ψαλμὸν,
1230 1792 1250 1826 ι
1293 1772 1469 1842 Φωνῇ
1505 1793 1627 1844 μου
1673 1774 1826 1844 πρὸς
1851 1774 1960 1829 τὸν
1989 1775 2212 1844 Κύριον
2237 1771 2560 1844 Wa,
2599 1773 2772 1845 φωνῇ
2806 1791 2927 1846 μου
2952 1773 3105 1845 πρὸς
3128 1735 3239 1830 τόπ
3268 1775 3420 1831 Θεὸν

1715 1865 1996 1934 ἐδεήθην.
2034 1884 2056 1918 ι

324 2696 393 2759 α’.
429 2691 674 2766 Δαμπρὰ
719 2690 938 2762 γέγονεν
970 2690 1103 2760 ήμῖν
1142 2687 1330 2763 χθὲςὴ
1384 2689 1566 2756 πόλις,
1607 2665 1868 2762 λαμπρά-

252 2783 348 2835 καὶ
381 2775 708 2850 περιφανὴς,
743 2781 844 2826 οὐκ
869 2772 1058 2844 ἐπειδὴ
1089 2771 1276 2834 κίονας
1307 2766 1472 2839 εῖχεν,
1503 2771 1619 2831 ἀλλ’
1653 2769 1839 2840 ἐπειδὴ

254 2864 510 2933 μάρτυρα
537 2855 889 2928 πομπεύοντα
918 2854 1027 2908 ἀπὸ
1057 2854 1260 2907 Πόντου
1299 2852 1436 2923 πρὸς
1482 2855 1630 2925 ἡμᾶς
1662 2870 1839 2924 παρα-

249 2945 561 3015 γενόμενον.
586 2936 741 2994 Εἷδεν
769 2938 924 3010 ὑμῶν
945 2938 1043 3007 τὴν
1067 2935 1392 3006 φιλοξενίαν,
1419 2938 1516 2990 καλ⁸
1546 2936 1840 3006 ἐνέπλησεν

251 3029 397 3098 ὑμᾶς
423 3026 524 3094 τῆς
562 3022 846 3091 εὐλογίας·
889 3021 1151 3092 ἐπῄνεσεν
1185 3018 1339 3089 ὐμῶν
1370 3018 1469 3090 τὴν
1507 3019 1852 3090 προθυμιαη

249 3113 346 3164 καὶ
368 3109 629 3179 εὐλόγησε
657 3106 784 3167 τοὺς
811 3102 1312 3175 παραγενομένους.
1343 3101 1689 3173 Ἐμακάρισα
1714 3101 1842 3165 τοὺς

251 3193 607 3255 συνελθόντας
636 3190 731 3243 καὶ
763 3187 1130 3259 μετασχόντας
1159 3183 1326 3239 αὐτοῦ
1355 3184 1458 3256 τῆς
1478 3185 1728 3250 εὐωδίας,
1749 3186 1844 3239 καὶ

248 3279 544 3333 ἑταλάνισα
575 3275 701 3336 τούς
738 3270 1165 3339 ἀπολειφθέντας
1193 3286 1206 3301 ο
1237 3267 1353 3322 ἀλλ’
1385 3269 1474 3322 ἵνα
1504 3269 1581 3340 μὴ
1609 3270 1643 3339 ἠ
1669 3267 1844 3338 ζημία

247 3360 433 3417 αὐτῶν
457 3356 676 3419 ἀνίατος
701 3354 947 3424 γένηται,
975 3351 1136 3406 πάλιν
1163 3354 1222 3405 ὲν
1244 3351 1408 3422 ἑτέρα
1429 3352 1615 3422 ἡμέρᾳ
1639 3352 1845 3421 ἀνακη-

252 3447 522 3518 ρύττομεν
542 3440 728 3504 αὐτὸν,
760 3440 848 3492 ίνα
877 3437 972 3490 καὶ
1001 3437 1052 3489 οί
1099 3434 1516 3518 ἀπολειφθέντες
1545 3433 1634 3518 διᾲ
1675 3433 1845 3518 ῥςιθυΤ

252 3516 383 3600 μίαν
410 3523 808 3578 διπλασιάσωσι
827 3519 895 3590 τῇ
922 3518 1127 3589 σπουδῇ
1157 3517 1256 3588 τὴν
1278 3516 1531 3600 εὐλογίαν
1563 3516 1662 3588 τὴν
1695 3516 1845 3588 παρὰ

247 3597 347 3665 τοῦ
377 3609 672 3680 μάρτυρος.
707 3606 774 3673 ’,Ο
805 3603 905 3675 μὲν
930 3601 1044 3680 γάρ
1071 3601 1331 3664 πολλάκις
1363 3597 1540 3667 εἷπον,
1569 3600 1728 3654 τοῦτο
1751 3600 1847 3654 καὶ

249 3670 427 3762 λέγων
447 3670 507 3745 οὐ
532 3670 819 3758 παύσομαί
833 3702 848 3716 ο
873 3670 974 3738 οὐκ
1005 3670 1237 3748 ε’ὐθύνας
1268 3684 1486 3738 ἀπαιτῶ
1514 3685 1736 3756 ἀμαρτη
1746 3685 1849 3753 μά-

253 3795 402 3835 των,
439 3773 578 3828 ἀλλά
621 3773 734 3836 τοῖς
773 3767 1059 3824 ἀσθενοῦσι
1108 3767 1378 3838 φάρμακα
1428 3766 1845 3830 κατασκευάζω.

262 3856 626 3926 ’Δπελείφθης
650 3853 818 3925 χθές;
850 3849 1162 3923 παραγενοῦ
1191 3848 1293 3903 κᾶν
1321 3850 1583 3926 σήμερον,
1614 3849 1702 3902 ἶνα
1732 3849 1849 3920 ίδῃς

249 3941 417 3996 αὐτὸν
450 3925 531 4002 είς
561 3937 652 3991 τδν
684 3936 884 3989 οίκεῖον
905 3932 1084 4004 χῶρον
1114 3931 1482 4003 ἀπαγόμενον.
1511 3925 1666 3994 Εἶδες
1685 3930 1845 3984 αὐτὸν

249 4024 344 4077 διὰ
374 4026 473 4093 τῆς
502 4021 708 4090 ἀγορᾶς
757 4017 1026 4086 ἀγόμενον
1051 4031 1066 4080 ;
1105 4014 1270 4084 βλέπε
1308 4013 1473 4067 αὐτὸν
1505 4015 1601 4068 καὶ
1631 4013 1720 4068 διὰ
1747 4014 1844 4068 τοῦ

253 4106 524 4173 πελάγους
557 4102 812 4163 πλέοντα,
840 4100 930 4153 ἵνα
955 4098 1194 4170 ἑκάτερα
1220 4096 1290 4150 τὰ
1313 4100 1553 4168 ποιχεία
1579 4097 1681 4167 τῆς
1713 4097 1844 4169 παρ’

253 4187 422 4242 αὐτοῦ
460 4183 708 4253 εὐλογίας
747 4181 1060 4252 ἐμπλησθῇ.

324 4269 532 4339 Μηδεὶς
583 4259 1046 4336 ἀτω).ιμπαν’έσθω
1080 4262 1183 4333 τῆς
1228 4264 1379 4335 ίερᾶς
1448 4263 1654 4334 ταύτης
1717 4279 1846 4315 παν-

250 4350 541 4425 ηγύρεως·
575 4349 650 4420 μὴ
698 4346 967 4418 παρθένος
1010 4345 1150 4398 οίκοι
1181 4345 1421 4415 μενέτω,
1459 4345 1534 4416 μὴ
1566 4344 1704 4416 γυνὴ
1747 4345 1847 4414 τὴν

252 4436 435 4491 οίκίαν
467 4433 763 4504 κατεχέτω,
784 4431 1114 4501 κενώσωμεν
1139 4430 1237 4498 τὴν
1269 4428 1445 4492 πόλιν,
1475 4429 1570 4482 καὶ
1595 4428 1732 4498 πρὸς
1757 4428 1848 4481 τὸν

251 4521 428 4588 τάφον
455 4516 549 4570 τοῦ
586 4517 864 4587 μάρτυρος
925 4512 1382 4585 μεθορμίσωμεν⁹
1438 4513 1536 4565 καὶ
1591 4511 1700 4582 γάρ
1753 4511 1848 4565 καὶ¹

257 4603 499 4674 βασιλεῖς
536 4602 690 4669 κοινῇ
729 4597 848 4668 μεθ’
875 4596 1030 4669 ἡμῶν
1061 4594 1366 4666 χορεύουσι.
1404 4593 1572 4648 Ποίαν
1595 4590 1688 4647 οὖν
1717 4611 1848 4663 συγ-

253 4684 484 4756 γνώμην
517 4682 630 4753 ἔχει
657 4685 686 4735 ὁ
714 4683 930 4750 ἰδιώτης
955 4721 969 4743 ,
1003 4677 1271 4750 βασιλέων
1300 4678 1400 4740 τὰς
1431 4676 1718 4746 βασιλικὰς
1748 4677 1848 4729 αὐ-

253 4770 355 4832 λὰς
388 4767 902 4838 καταλιμπανόντων
929 4803 944 4822 .
980 4765 1074 4817 καὶ
1105 4762 1184 4832 τῷ
1232 4763 1388 4833 τάφῳ
1428 4760 1522 4815 τοῦ
1573 4763 1850 4834 μάρτυρος

256 4851 739 4923 παρακαθημένων
767 4867 782 4915 ;
814 4839 1048 4918 Τοιαῦτη
1080 4847 1190 4916 γὰρ
1222 4847 1331 4898 τῶν
1365 4845 1659 4917 μαρτύρων
1691 4847 1723 4916 ὴ
1768 4845 1851 4898 δύο

255 4953 460 5008 ναμις,
498 4935 575 4999 ὼς
625 4935 700 5006 μὴ
743 4935 903 5004 μόνον
952 4933 1080 4996 τούς
1126 4927 1378 4994 ίδιώτας,
1415 4929 1553 4983 ἀλλὰ
1604 4930 1850 4995 καὶτοὺς

255 5020 328 5073 τά
356 5019 665 5088 διαδήματα
700 5016 1003 5088 φοροῦντας
1038 5011 1391 5084 σαγηνεύειν·
1425 5011 1566 5082 αὕτη
1591 5012 1701 5066 τῶν
1739 5013 1850 5067 Ἐλο

257 5102 436 5172 λήνων
461 5101 495 5172 ή
528 5096 950 5169 αἰσχύνη,-αὓτη
974 5097 1072 5168 τῆς
1101 5095 1310 5165 πλάνης
1330 5095 1510 5148 αὐτῶν
1541 5096 1601 5148 τὸ
1624 5094 1846 5160 ὄνειδος,

259 5186 402 5256 αὕτη
448 5184 560 5238 τῶν
608 5184 881 5254 δαιμόνων
927 5183 961 5251 ή
1015 5179 1423 5249 ἐξολόθρευσις’
1453 5178 1592 5247 αῦτη
1623 5178 1848 5252 ἡμῶνή

259 5269 510 5336 εὐγένεια
535 5311 549 5333 ,
585 5265 808 5336 καὶτῆς
847 5262 1180 5331 Ἐκκλησίας
1219 5263 1249 5314 δ
1301 5261 1585 5330 στέφανος.
1629 5262 1856 5334 Χορεύω

262 5352 404 5426 μετά
429 5349 746 5423 μαρτύρων,
780 5348 876 5402 καὶ
903 5345 1142 5418 σκιρτῶ,
1168 5343 1289 5398 ἀντὶ
1317 5343 1602 5426 λειμώνων
1642 5343 1857 5414 βλέπων

259 5422 443 5490 αὐτῶν
470 5435 531 5488 τὺ
562 5434 840 5507 τρόπαιον,
873 5431 956 5485 ἕντι
982 5428 1104 5483 ἀντὶ
1128 5427 1320 5498 πηγῶν
1362 5422 1503 5498 αἷμα
1531 5426 1721 5499 ἔρρεον
1741 5445 1756 5459 ο
1791 5429 1859 5483 τὰ

259 5519 398 5573 δστᾶ
431 5517 611 5572 αὐτῶν
655 5512 969 5585 ἐδαπανήθη
993 5551 1008 5576 ,
1051 5507 1228 5581 καὶῆ
1277 5510 1475 5582 μνήμη
1515 5510 1696 5563 αὐτῶν
1736 5511 1861 5566 καθ’

261 5601 500 5670 ἑκάστην
525 5599 740 5670 ἡμέραν
766 5596 1078 5670 νεαρωτέρα
1107 5594 1342 5664 γίνεται.
1383 5594 1592 5667 Ὠσπερ
1620 5594 1730 5667 γὰρ
1763 5595 1856 5650 τὸν

259 5684 414 5754 ἥλιον
443 5683 723 5752 ἀμήχανον
759 5680 1074 5750 σϐεσθῆναι,
1101 5675 1244 5731 οὕτω
1267 5675 1362 5730 καὶ⁵
1388 5677 1611 5748 μνήμην
1643 5677 1856 5749 μαρτύ-

266 5783 377 5838 ρων
396 5781 410 5795 ο
439 5765 600 5830 αὐτὸς
631 5766 742 5838 γὰρ
787 5765 816 5818 ό
845 5761 1080 5834 Χριστος
1106 5759 1428 5829 ἀπεφήνατο
1446 5775 1461 5792 ⁸
1507 5760 1560 5810 Ὀ
1593 5761 1852 5830 οὐρανὸς

1941 2687 2041 2743 καί
2067 2690 2106 2758 ἠ
2141 2688 2218 2759 γῆ
2258 2691 2758 2760 παρελεύσονται,
2789 2683 2845 2746 οι
2866 2690 2936 2745 δὲ
2969 2691 3140 2763 λόγοι
3177 2707 3300 2761 μου
3329 2691 3403 2746 οὐ
3441 2689 3536 2761 μὴ

1940 2771 2344 2839 παρέλθωσιν.
2389 2775 2553 2830 Ἀλλὰ
2598 2773 2693 2830 τοῦ
2724 2774 2822 2846 μὲν
2859 2774 3136 2846 μάρτυρος
3166 2772 3238 2827 τά
3279 2772 3539 2844 ἐγκώμια

1941 2856 2022 2918 είς
2067 2855 2159 2908 τὸν
2192 2858 2542 2929 προσήκοντα
2585 2856 2779 2929 καιρὸν
2830 2857 3247 2928 ἀναμείνωμεν·
3301 2859 3398 2909 καὶ
3425 2856 3541 2925 γὰρ

1942 2938 2035 2990 καὶ
2067 2936 2239 2991 ταῦτα
2281 2940 2595 3010 ἀρκούντως
2622 2940 2840 3009 εἴρηται
2879 2939 2969 2992 διὰ
3000 2938 3100 3011 τὴν
3150 2939 3385 3011 σπουδὴν
3427 2938 3539 2992 τῶν

1941 3019 2268 3098 όφειλόντων
2306 3022 2658 3094 συναχθῆναι,
2707 3023 2805 3076 κα)⁵
2851 3022 3130 3093 περιφανῆ
3181 3023 3406 3092 ποιῆσαι
3437 3023 3543 3094 τὴν

1943 3096 2158 3173 ἡμέραν
2184 3096 2286 3172 τῆς
2315 3104 2530 3175 ἑορτῆς.
2563 3101 2720 3176 [705]
2765 3106 2831 3157 ’0
2866 3104 2966 3175 μὲν
2995 3105 3106 3177 γὰρ
3139 3109 3233 3159 καὶ
3261 3105 3389 3175 χθὲς
3419 3104 3542 3157 ελε-

1943 3200 2062 3252 γον,
2093 3186 2187 3238 καὶ
2225 3186 2466 3257 σήμερον
2500 3187 2662 3240 πάλιν
2696 3186 2876 3256 λέγω,
2914 3187 2994 3258 τῷ
3027 3189 3125 3258 μὲν
3176 3188 3414 3260 μάρτυρι
3445 3186 3543 3241 οὐ-

1943 3265 2108 3336 δεμία
2129 3267 2257 3334 δόξα
2279 3268 2390 3320 ἀπὸ
2411 3269 2505 3340 τῆς
2537 3269 2648 3322 τῶν
2669 3269 2880 3322 πολλῶν
2905 3270 3206 3342 παρουσίας
3228 3271 3541 3342 γενήσεται,

1946 3348 2076 3418 ὑμῖν
2108 3349 2187 3402 ιδὲ
2244 3349 2446 3403 πλείων
2476 3350 2634 3404 ἔσται
2672 3353 2706 3422 ή
2749 3352 2968 3420 εὐλογία
3002 3353 3112 3406 ἀπὸ
3159 3353 3255 3407 τοῦ
3289 3370 3543 3426 παραγε-

1946 3430 2134 3484 νέσθαι
2166 3431 2305 3504 πρὸς
2335 3432 2426 3486 τὸν
2488 3433 2762 3505 μάρτυρα.
2798 3435 3010 3505 ’Ὠσπερ
3043 3436 3154 3507 γάρ
3201 3438 3232 3489 ό
3283 3437 3421 3506 πρὸς
3449 3436 3543 3490 τὸν

1945 3514 2098 3584 ήλιον
2125 3514 2340 3586 βλέπων
2364 3515 2426 3569 τὸ
2447 3516 2547 3588 μὲν
2573 3517 2772 3589 άστρον
2804 3517 3158 3590 φαιδρότερον
3183 3519 3244 3572 οὐ
3279 3522 3444 3582 ποιεί,
3473 3519 3548 3573 τὰ.

1947 3596 2006 3651 δὲ
2029 3599 2205 3652 οἰκεῖα
2251 3598 2477 3674 ὄμματα
2508 3599 2848 3669 καταυγάζει
2874 3616 2890 3631 ·
2927 3599 3069 3655 οὕτω
3099 3602 3164 3674 δή
3199 3603 3296 3657 καὶ
3343 3604 3373 3655 ό
3398 3602 3546 3674 μάρ-

1947 3695 2090 3750 τυρα
2123 3680 2335 3750 τιμῶν,
2375 3672 2582 3736 ἐκεῖνον
2638 3681 3025 3756 λαμπρότερον
3079 3672 3163 3737 οὐ
3199 3672 3544 3748 ποιεῖ,⁷ἀλλ’

1950 3761 2114 3826 αὐτὸς
2163 3762 2294 3836 παρ’
2327 3762 2537 3817 ἐκείνου
2589 3765 2689 3837 τὴν
2738 3765 2995 3834 εὐλογίαν
3046 3764 3144 3820 τοῦ
3195 3767 3374 3839 φωτὸς
3424 3769 3548 3821 ἑπι-

1953 3860 2180 3898 σπαται.

2025 3927 2353 3998 Ποιήσωμεν
2402 3927 2568 3983 πάλιν
2600 3928 2700 4001 τήν
2744 3929 3015 3986 θάλατταν
3053 3929 3351 4002 ἐκκλησίαν
3408 3930 3550 4002 μετά

1952 4010 2251 4081 λαμπάδων
2279 4011 2512 4080 ἐξιόντες
2543 4014 2859 4079 ὲκείσε,καὶ
2884 4014 2947 4068 τὸ
2974 4013 3085 4087 πῦρ
3111 4014 3545 4085 ὲνυγραίνοντες,

1953 4095 2050 4147 καὶ
2081 4094 2142 4148 τδ
2167 4093 2312 4166 ὕδωρ
2337 4097 2766 4168 ὲμπιμπλῶντες
2797 4099 2992 4171 πυρός.
3033 4098 3243 4168 Μηδεὶς
3276 4097 3553 4168 φοϐείσθω

1953 4179 2016 4233 τὸ
2037 4179 2311 4248 πέλαγος·
2347 4183 2376 4233 ό
2402 4181 2614 4252 μάρτυς
2651 4181 2882 4237 θάνατον
2915 4184 3017 4236 οὐκ
3055 4182 3296 4253 ἐφοϐήθη
3316 4221 3331 4246 ,
3363 4184 3455 4236 καὶ
3484 4184 3549 4236 σὺ

1954 4262 2017 4316 τὸ
2057 4262 2201 4334 ὕδωρ
2231 4262 2512 4338 δέδοικας;
2555 4265 2718 4320 ’Λλλά
2749 4265 2940 4320 τοῦτον
2989 4267 3090 4338 μὲν
3132 4266 3424 4336 αὐτάρκως
3457 4267 3552 4320 τὸν

1954 4345 2111 4413 λόγον
2143 4335 2448 4418 εἰρήκαμεν
2468 4365 2493 4402 ·,
2513 4348 2648 4418 φέρε
2679 4347 2746 4419 δὴ
2777 4350 2874 4402 καὶ
2898 4351 2965 4404 ὲκ
2991 4335 3106 4404 τῶν
3133 4335 3372 4421 σήμερον
3399 4351 3552 4422 είρη-

1959 4428 2136 4498 μένων
2168 4429 2266 4500 τὴν
2309 4429 2565 4484 είωθυῖαν
2616 4431 2746 4502 ὑμῖν
2785 4432 3126 4504 παραϐῶμεν
3157 4433 3460 4504 τράπεζαν.
3488 4433 3551 4486 Εί

1956 4510 2066 4583 γάρ
2104 4512 2200 4564 καὶ
2251 4516 2667 4583 στενοχωρεϊται
2710 4513 2869 4585 ήμῶν
2907 4513 2970 4567 τά
3004 4513 3254 4586 σώματα,
3282 4515 3396 4569 ἀλλ’
3423 4516 3554 4570 ἀνα-

1957 4593 2279 4665 πτερούσθω
2327 4597 2361 4664 ὴ
2412 4595 2658 4650 διάνοιαο
2707 4596 2830 4650 οὐδὲ
2879 4596 2988 4668 γὰρ
3039 4599 3139 4669 τὴν
3191 4599 3556 4670 στενοχωρίαν

1957 4675 2135 4747 ὑμῶν,
2159 4677 2293 4730 ἀλλά
2316 4677 2415 4748 τήν
2453 4677 2768 4750 προθυμίαν
2802 4678 3008 4750 βλέπω.
3053 4681 3180 4735 Ἡδὺ
3215 4683 3310 4736 καὶ
3359 4680 3558 4754 κυϐερ-

1956 4761 2096 4834 νήτῃ
2127 4759 2366 4812 θάλαττα
2397 4762 2788 4832 κυματουμένη
2808 4803 2822 4826 ,
2875 4763 2972 4816 καὶ
3013 4763 3318 4838 διδασκάλῳ
3351 4766 3553 4838 ὲκκλη-

1959 4843 2049 4899 σία
2077 4842 2482 4916 πελαγιζομένη
2502 4862 2516 4876 ο
2547 4845 2611 4898 οὐ
2634 4846 2745 4916 γάρ
2766 4848 2914 4900 ἐστιν
2943 4850 3003 4902 ἐν
3024 4851 3137 4912 τοῖς
3167 4849 3326 4903 ὕδασι
3344 4849 3558 4914 τούτοις

1956 4927 2082 4982 οὐτε
2125 4927 2306 4997 ἀλμη,
2353 4926 2480 4982 οὔτε
2525 4929 2820 4994 σκόπελος,
2874 4929 2998 4985 οὐτε
3040 4931 3242 5000 θηρία,
3277 4934 3415 4989 ἀλλά
3457 4935 3558 4989 θά-

1955 5010 2127 5066 λαττα
2166 5011 2260 5064 καὶ
2305 5011 2544 5080 πέλαγος
2589 5012 2761 5082 γέμον
2802 5014 3036 5079 εὐωδίας
3063 5032 3077 5046 ·
3114 5015 3350 5070 ἐνταῦθα
3396 5015 3558 5070 πλοῖα

1957 5094 2058 5150 οὐκ
2083 5094 2191 5148 ἀπὸ
2217 5095 2322 5167 γῆς
2345 5098 2427 5159 είς
2466 5095 2595 5166 γῆν,
2631 5095 2746 5150 ἀλλ’
2773 5097 2882 5150 ἀπὺ
2926 5098 3034 5168 γῆς
3061 5099 3141 5162 είς
3164 5099 3397 5172 οὐρανὸν
3424 5101 3559 5172 μεθ-

1958 5177 2330 5249 ορμιζόμενα,
2379 5179 2441 5231 οὐ
2498 5179 2758 5251 χρήματα
2796 5179 3025 5250 ἔχοντα,
3066 5180 3128 5235 οὐ
3168 5182 3402 5253 χρυσὸν,
3433 5183 3557 5238 οὐδὲ

1960 5260 2200 5335 ἄργυρον
2219 5300 2234 5325 ,
2268 5261 2406 5315 ἀλλά
2438 5262 2621 5315 πίστιν
2645 5301 2661 5328 ,
2690 5263 2786 5316 καὶ
2810 5264 3034 5337 ἀγάπην
3056 5304 3073 5330 ,
3115 5267 3212 5320 καὶ
3239 5265 3426 5337 ζῆλον.
3460 5266 3557 5321 καὶ

1964 5345 2174 5413 σοφίαν.

2007 5471 2013 5476 .
2038 5428 2102 5498 β’.
2131 5428 2269 5494 Φέρε
2292 5428 2357 5501 δὴ
2381 5428 2560 5483 τοίνυν
2580 5428 2720 5500 μετά
2738 5429 3024 5503 ἀκριϐείας
3049 5433 3274 5505 ἐφίεμεν
3301 5436 3362 5488 τδ
3377 5434 3560 5487 πλοῖον

1970 5513 2240 5584 μηδέποτε
2285 5513 2704 5585 ἀπολλύμενον,
2760 5515 2896 5586 μηδι
2945 5518 3203 5586 ναυάγιον
3263 5518 3556 5589 ὑπομένον.

1977 5594 2140 5648 Ἀλλά
2189 5595 2490 5668 προσέχετε
2522 5595 2661 5667 μετὰ
2689 5596 2980 5668 ἀκριϐείας
3007 5601 3121 5664 τοῖς
3152 5600 3463 5670 λεγομένοις
3483 5617 3496 5630 ·
3533 5603 3563 5654 δ

1963 5679 2072 5751 γὰρ
2099 5678 2316 5751 ψαλμὸς
2343 5681 2497 5751 ἡμᾶς
2529 5671 2769 5753 σήμερον
2797 5682 2880 5746 είς
2907 5681 3215 5753 παράταξιν
3239 5681 3423 5751 ἐξάγει
3452 5682 3563 5736 τῶν

1961 5763 2259 5837 αἱρετικῶν
2278 5806 2294 5827 ,
2325 5764 2427 5836 οὐχ
2467 5764 2556 5819 ἵνα
2577 5764 2782 5832 αὐτοὺς
2812 5765 3055 5832 ἑστῶτας
3086 5765 3401 5838 βάλλιυμεν,
3442 5766 3558 5821 ἀλλ’
