4084 6436
562 267 665 326 701

566 385 657 440 ἵνα
700 382 982 451 κειμένους
1020 375 1457 451 ἀναστήσωμεν
1500 372 1737 437 τοιοῦτος
1785 371 1894 445 γὰρ
1936 369 2145 441 ήμῶνό

560 464 828 535 πόλεμος·
861 462 962 514 οὑκ
1001 459 1110 512 ἀπὸ
1156 457 1375 523 ζώντων
1414 454 1988 529 νεκροὺςέργάζεται,
2028 452 2143 506 ἀλλ’

471 585 473 589 ς
562 548 672 600 ἀπὸ
715 542 928 615 νεκρῶν
960 540 1167 605 ζῶντας
1200 537 1638 611 κατασκευάζει,
1668 538 2004 609 ἡμερότητος
2052 535 2143 603 γέ-

563 647 681 701 μων
723 629 821 682 καὶ
882 623 1083 694 πολλῆς
1134 622 1234 691 τῆς
1286 620 1607 684 ἐπιεικείας.
1659 621 1733 674 Οὑ
1783 620 1891 690 γὰρ
1936 616 2144 671 ἐλαύνω

560 711 865 782 πράγματι,
924 705 1059 761 ἀλλά
1089 704 1167 776 τῷ
1200 704 1345 774 λόγῳ
1381 703 1562 758 διώκω
1585 744 1602 769 ,
1633 704 1696 756 οὑ
1729 704 1819 757 τὸν
1844 702 2140 773 αἱρετικὸν,

559 794 697 848 ἀλλά
746 792 847 863 τὴν
879 790 1091 861 αῖρεσιν
1115 826 1131 852 ,
1164 787 1226 839 οὑ
1270 787 1363 839 τὸν
1394 786 1676 858 ἄνθρωπον
1704 784 2140 857 ἀποστρέφομαι,

556 876 695 932 ἀλλά
721 876 820 948 τὴν
842 873 1049 943 πλάνην
1078 869 1251 940 μισῶ,
1279 868 1375 922 καὶ
1395 866 1805 923 ἐπισπάσασθαι
1834 866 2097 938 βούλομαι
2123 881 2137 895 ⁸

555 961 657 1015 οὑκ
698 959 807 1030 ἔχω
835 956 1070 1025 πόλεμον
1121 952 1260 1024 πρὸς
1291 953 1482 1006 οὑσίαν
1507 970 1521 984 ·
1554 951 1691 1005 Θεοῦ
1736 952 1845 1023 γὰρ
1893 950 2053 1022 ἔργον
2106 951 2139 1021 ή

551 1043 712 1096 οὑσία
732 1059 744 1072 ο
772 1038 911 1094 ἀλλά
928 1037 1026 1108 τὴν
1063 1034 1291 1106 γνώμην
1329 1034 1722 1106 διορθώσασθαι
1762 1034 2047 1104 βούλομαι,
2072 1033 2140 1103 ἠν

551 1122 928 1195 διέφθειρεν’δ
976 1118 1241 1183 διάϐολος.
1274 1116 1433 1173 Οὕτω
1485 1118 1580 1172 καὶ
1638 1117 1818 1189 ἰατρὸς
1856 1116 2141 1189 ἀρῥωστον

552 1206 872 1278 θεραπεύων
891 1243 908 1269 ,
935 1203 997 1256 οὑ
1026 1202 1104 1273 τῷ
1135 1199 1350 1271 σώματι
1378 1198 1625 1270 πολεμεῖ,
1664 1198 1801 1254 ἀλλά
1829 1200 1923 1253 τοῦ
1950 1197 2139 1269 σώμα-

548 1304 642 1352 τος
669 1288 768 1359 τὴν
798 1288 997 1341 κακίαν
1035 1285 1270 1355 ἀναιρεῖ.
1299 1280 1470 1350 Κάγὼ
1506 1282 1685 1337 τοίνυν
1718 1280 1816 1335 ἐὰν
1844 1280 2138 1352 πολεμήσω

549 1372 883 1443 αίριτικοῖς,
907 1370 1006 1423 οὑκ
1034 1368 1221 1429 αὐτοῖς
1246 1367 1360 1428 τοῖς
1388 1364 1698 1436 ἀνθρώποις
1732 1362 1977 1435 πολεμῶ,
2001 1364 2139 1419 ἀλλὰ

546 1457 650 1529 τὴν
679 1456 888 1526 πλάνην
909 1452 1159 1507 ἐκϐαλεῖν
1187 1449 1469 1521 βούλομαι,
1498 1450 1594 1502 καὶ
1620 1449 1721 1520 τὴν
1751 1449 2019 1520 σηπεδόνα
2047 1448 2141 1502 ὲκ-

548 1539 809 1609 καθᾶραι.
847 1535 1000 1607 Ἐμοὶ
1041 1533 1163 1598 ἑθος
1195 1533 1314 1586 ἐστὶ
1342 1531 1637 1586 διώκεσθαι
1667 1532 1761 1585 καὶ
1798 1530 1873 1602 μὴ
1896 1530 2135 1599 διώκειν,

548 1618 867 1675 ἐλαύνεσθαι
896 1618 990 1671 καὶ
1026 1616 1101 1687 μὴ
1138 1614 1403 1670 ἐλαύνειν.
1426 1613 1583 1669 Οῦτω
1605 1613 1701 1668 καὶ
1720 1616 1749 1667 ό
1772 1612 2009 1684 Χριστὸς
2036 1631 2137 1667 πε-

548 1703 823 1776 ριεγένετο
847 1741 861 1763 ,
892 1702 954 1756 οὑ
990 1700 1344 1771 σταυρώσας,
1380 1697 1517 1752 ἀλλὰ
1548 1696 1913 1768 σταυρωθεὶς,
1953 1697 2017 1749 οὑ
2046 1699 2138 1765 ῥα.

545 1785 750 1850 πίσας,
776 1783 913 1838 ἀλλά
962 1781 1266 1854 ῥαπισθείς.
1317 1783 1386 1835 El
1419 1780 1538 1849 μὲν
1583 1776 1783 1846 κακῶς
1834 1778 2135 1852 ἐλάλησα,

546 1869 703 1939 φησὶ,
724 1866 1117 1938 μαρτύρησον
1145 1863 1277 1931 περὶ
1309 1863 1418 1917 τοῦ
1447 1861 1637 1917 κακοῦ
1658 1880 1672 1894 ·
1702 1865 1755 1916 εί
1791 1861 1862 1916 δὲ
1912 1861 2133 1929 καλῶς,

545 1953 605 2005 τί
626 1969 704 2021 με
725 1950 917 2019 δέρεις
940 1965 959 2014 ;
995 1948 1055 2000 '0
1081 1946 1355 2017 Δεσπότης
1381 1946 1481 2016 τῆς
1508 1944 1834 2018 οἰκουμένης
1861 1945 1940 2015 τῷ
1965 1943 2136 2017 δούλῳ

544 2034 641 2089 τοῦ
667 2033 971 2104 ἀρχιερέως
1006 2029 1376 2096 ἀπολογεῖται,
1411 2029 1507 2081 καὶ
1539 2028 1823 2099 ῥαπισθεὶς
1854 2024 1917 2080 τδ
1938 2028 2132 2100 στόμα,

543 2119 667 2172 ὅθεν
692 2116 884 2188 ἐξῆλθε
911 2114 1085 2185 ῥῆμα,
1129 2113 1225 2166 καὶ
1263 2110 1363 2182 τὴν
1386 2111 1655 2165 θάλατταν
1680 2110 1975 2182 ἐχαλίνωσε
1994 2152 2011 2174 ,
2040 2112 2135 2167 καὶ

542 2201 917 2272 τετραήμερον
945 2193 1200 2266 Λάζαρον
1227 2194 1292 2247 ἐκ
1319 2192 1531 2264 νεκρῶν
1575 2196 1796 2269 ἤγειρεν
1819 2208 1835 2226 ·
1871 2194 1994 2248 ὃθεν
2030 2212 2132 2249 κα-

544 2283 639 2336 κία
671 2280 1098 2354 ἐδραπέτευσεν,
1145 2276 1268 2331 ὅθεν
1298 2277 1582 2347 νοσήματα
1613 2278 1706 2331 καὶ
1761 2277 2134 2349 ἁμαρτήματα

541 2364 731 2419 ἐλύετο
748 2379 763 2394 ⁸
812 2362 972 2418 τοῦτο
997 2361 1092 2417 τοῦ
1115 2359 1524 2433 σταυρωθέντος
1552 2359 1613 2413 τὸ
1642 2359 1848 2430 θαῦμα.
1886 2362 1997 2415 Kal
2022 2361 2131 2432 γὰρ

535 2448 836 2519 δυνάμενος
868 2447 1133 2518 κεραυνὸν
1153 2446 1370 2513 ἀφεῖναι
1389 2484 1405 2509 ,
1434 2445 1529 2496 καί
1548 2443 1649 2514 τὴν
1680 2446 1785 2516 γῆν
1809 2446 2133 2511 σεῖσαιγκαὶ

538 2530 694 2604 [706]
722 2530 821 2601 τὴν
851 2532 1007 2602 χεῖρα
1052 2526 1148 2581 τοῦ
1193 2526 1382 2580 δούλου
1433 2526 1697 2597 ξηρᾶναι,
1739 2526 1895 2581 οὐδὲν
1927 2526 2132 2582 τούτων

541 2616 822 2686 ἐποίησεν,
857 2612 997 2667 ἀλλά
1026 2612 1122 2667 καὶ
1142 2611 1527 2689 ἀπολογεῖται,
1560 2607 1948 2682 καὶπραότητι
1976 2628 2133 2685 περι-

537 2698 747 2767 γίνεται
771 2740 785 2759 .
811 2696 871 2763 σε
899 2694 1173 2751 παιδεύων
1199 2693 1486 2766 ἄνθρωπον
1523 2693 1653 2747 δντα
1699 2693 1966 2764 μηδέποτε
1989 2696 2130 2764 ἀγα-

536 2784 788 2835 νακτεῖνο
829 2780 937 2834 κᾶν
970 2776 1331 2849 σταυρωθῇς,
1382 2776 1487 2829 κᾶν
1522 2776 1775 2847 ῥάπισμα
1814 2776 2019 2850 λάϐῃς,
2061 2776 2131 2831 τά

535 2864 679 2919 αὑτά
711 2865 798 2917 ῐνα
841 2864 1006 2937 λέγῃς
1038 2862 1114 2925 ὡς
1158 2861 1187 2913 6
1217 2858 1495 2930 Δεσπότης
1531 2874 1648 2911 σου⁸
1688 2862 1760 2913 El
1784 2859 1903 2929 μὲν
1932 2859 2130 2927 κακῶς

535 2947 840 3017 ἐλάλησα,
864 2947 1260 3017 μαρτύρησον
1294 2942 1429 3011 περὶ
1458 2941 1565 2995 τοῦ
1594 2943 1785 2997 κακοῦ
1804 2959 1817 2974 ·
1849 2945 1903 2997 εὶ
1932 2943 2000 2996 δὲ
2026 2960 2131 2999 κα-

532 3030 662 3095 λῶς
682 3072 697 3095 ,
725 3032 783 3084 τι
808 3048 886 3100 με
938 3028 1129 3097 δέρεις
1147 3043 1166 3092 ;
1194 3024 1303 3080 Καὶ
1334 3026 1436 3095 ὅρα
1465 3024 1631 3078 αὐτοῦ
1680 3023 1778 3097 τὴν
1822 3025 2129 3097 φιλανθρω-

532 3115 689 3177 πίαν,
724 3115 842 3178 πῶς
867 3112 937 3167 τά
970 3114 1068 3185 μὲν
1096 3110 1204 3164 τῶν
1233 3108 1434 3163 δούλων
1466 3106 1701 3173 ὲκδικεῖ,
1743 3107 1811 3163 τά
1842 3108 1899 3162 δὲ
1934 3108 2127 3163 ἐαυτοῦ

535 3197 894 3269 παρατρέχει.
945 3194 1193 3264 Ἐγένετό
1220 3192 1303 3256 τίς
1328 3207 1460 3245 ποτε
1489 3192 1777 3264 προφήτης
1795 3231 1810 3256 ,
1847 3191 1941 3245 καὶ
1972 3190 2126 3269 βασι-

530 3279 632 3333 λέα
672 3280 976 3334 ἀσεϐοῦντα
1014 3278 1303 3349 διήλεγχε,
1341 3274 1436 3329 καὶ
1476 3272 1646 3327 ἐλθών
1694 3291 1857 3346 φησν
1907 3276 2127 3328 Guma-

533 3362 825 3432 στήριον,
858 3361 1325 3429 θυσιαστήριον,
1377 3358 1668 3412 ἄκουσον.
1710 3356 1929 3428 Ἐπειδὴ
1959 3357 2069 3427 γὰρ
2097 3360 2127 3411 6

535 3444 793 3516 βασιλεὺς
834 3442 1118 3515 Ἰεροϐοάμ
1149 3442 1392 3513 είσ-τήκει
1430 3436 1543 3503 τοῖς
1568 3438 1811 3503 είδώλοις
1837 3439 2125 3512 ἀναφέρων

535 3528 730 3582 θυσίαν
753 3567 767 3591 ,
794 3526 965 3581 ἐλθὼν
1006 3528 1035 3580 6
1069 3527 1355 3597 προφήτης
1382 3522 1460 3595 τῷ
1487 3522 1858 3594 θυσιαστηρίῳ
1886 3523 2129 3593 διαλέγε-

533 3626 648 3665 ται.
678 3610 745 3663 Τί
790 3612 1000 3673 ποιεῖς,
1037 3603 1082 3662 ὦ
1113 3609 1397 3681 προφῆτα;
1437 3607 1530 3659 τὸν
1572 3606 1855 3676 ἄνθρωπον
1883 3608 2120 3678 ἀφῆκας,

535 3695 631 3748 καὶ
671 3694 749 3765 τῷ
804 3691 1174 3764 θυσιαστηρίῳ
1228 3691 1488 3764 διαλέγῃ;
1536 3690 1683 3767 Ναὶφ,
1720 3691 1873 3761 φησί.
1901 3690 2001 3744 Διά
2028 3692 2121 3760 τίς

545 3778 769 3851 Ἐπειδὴ
796 3776 945 3831 λίθου
996 3774 1448 3846 ἀναισθητότερος
1497 3776 1525 3827 ό
1553 3773 1840 3846 ἄνθρωπος
1884 3775 2119 3844 ἐγένετο,

533 3862 743 3914 ἐκεῖνον
777 3860 982 3930 ἀφίημι
1005 3899 1021 3920 ,
1058 3860 1155 3913 καὶ
1187 3857 1363 3927 τούτῳ
1404 3856 1754 3928 διαλέγομαι,
1803 3858 1889 3912 ἵνα
1920 3858 2119 3931 μάθῃς,

532 3944 614 3996 ὅτι
666 3946 695 3997 6
745 3942 893 4005 λίθος
931 3941 1157 4006 ἀκούει,
1216 3941 1311 3994 καὶ
1357 3942 1386 3993 ὁ
1447 3939 1732 4010 ἄνθρωπος
1778 3942 1878 3995 οὑκ
1910 3942 2115 3997 ἀκούει.

536 4026 871 4089 Ἄκουσον,
913 4024 1382 4093 θυσιαστήριον,
1434 4022 1741 4088 ἄκουσον,
1785 4025 1880 4077 καὶ
1921 4025 2121 4090 εὐθέως

530 4108 743 4182 ἑρῥάγη
777 4108 837 4162 τὸ
871 4108 1274 4177 θυσιαστήριον.
1320 4106 1579 4173 Ἐξέτεινε
1623 4106 1721 4177 τὴν
1751 4110 1910 4179 χεῖρα
1953 4109 2117 4162 αὑτοῦ

527 4194 560 4244 ὁ
593 4191 866 4260 βασιλεὺς,
896 4191 1195 4249 πιάσαιτὺν
1219 4191 1504 4261 προφήτην
1531 4188 1875 4260 βουλόμενος,
1903 4193 2001 4245 καὶ
2019 4194 2121 4246 οὑκ

529 4274 764 4342 ἠδύνατο
809 4273 1082 4331 συστεῖλαι
1128 4274 1318 4345 αὑτήν.
1357 4273 1520 4343 Ὁρᾷς
1549 4274 1629 4325 ὃτι
1684 4273 1885 4343 μᾶλλον
1931 4275 1992 4328 τὸ
2034 4275 2123 4329 θυ-

532 4359 850 4429 σιαστήριον
880 4358 1112 4429 ήκουσεν
1138 4397 1151 4418 ,
1181 4357 1214 4428 ἢ
1247 4359 1275 4409 6
1318 4356 1605 4427 βασιλεύς;
1635 4359 1767 4429 ὁρᾷς
1794 4360 1877 4411 ὅτι
1912 4359 2004 4412 τὸν
2036 4359 2120 4413 λο-

533 4441 689 4510 γικὸν
732 4442 909 4512 ἀφῆκε
929 4482 945 4507 ,
986 4441 1080 4495 καὶ
1110 4440 1187 4511 τῷ
1215 4440 1397 4511 ἀλόγῳ
1411 4440 1716 4508 διαλέγεται
1742 4480 1755 4507 ,
1788 4442 1875 4495 ἵνα
1903 4442 1991 4496 διὰ
2018 4443 2120 4515 τῆς

532 4518 725 4579 τούτου
758 4526 1006 4597 ὑπακοῆς
1032 4527 1130 4594 τὴν
1164 4526 1376 4579 ἐκείνου
1408 4524 1769 4595 ἀναισθησίαν
1798 4527 1889 4580 καὶ
1920 4529 2120 4597 κακίαν

530 4608 925 4684 διορθώσηται;
972 4609 1213 4680 Ἐῤῥάγη
1238 4608 1298 4662 τδ
1324 4609 1728 4681 θυσιαστήριον,
1760 4611 1853 4663 καὶ
1886 4613 1919 4682 ή
1951 4599 2119 4666 κακία

533 4688 629 4748 τοῦ
656 4693 923 4765 βασιλέως
942 4694 1043 4747 οὑκ
1063 4695 1292 4767 ἐρῥάγη.
1333 4693 1473 4747 Ἀλλ’
1499 4694 1603 4766 ὅρα
1637 4694 1698 4749 τὸ
1718 4695 2077 4767 γεγενημένον
2100 4713 2116 4729 ’

532 4777 766 4843 ἐξέτεινε
810 4779 909 4847 τὴν
938 4779 1092 4848 χεῖρα
1129 4778 1157 4829 ὁ
1193 4776 1444 4845 βασιλεὺς
1472 4775 1657 4829 λαϐεῖν
1689 4777 1779 4830 τὸν
1812 4784 2116 4850 προφήτην,

531 4864 629 4915 καὶ
653 4861 856 4924 εὑθέως
883 4858 1158 4931 ἐξηράνθη
1180 4861 1213 4930 ἡ
1246 4859 1367 4931 χεὶρ
1394 4858 1581 4913 αὑτοῦ.
1619 4859 1836 4941 Ἐπειδὴ
1860 4863 1925 4934 τῇ
1956 4879 2121 4932 τιμω.

533 4946 626 5015 ρίᾳ
661 4944 755 4997 τοῦ
789 4942 1174 5015 θυσιαστηρίου
1205 4943 1305 4995 οὑκ
1328 4942 1548 5010 ἐγένετο
1577 4941 1820 5012 βελτίων,
1853 4945 1917 5013 τῇ
1943 4944 2119 5016 οἰκεία

532 5027 751 5081 κολάσει
780 5026 1096 5081 παιδεύεται
1125 5025 1220 5078 τοῦ
1243 5024 1379 5078 Θεοῦ
1406 5024 1505 5096 τὴν
1530 5026 1796 5097 ὑπακοήν.
1843 5026 1985 5095 Ἐγὼ
2019 5029 2118 5098 μὲν

489 5178 495 5182 _
532 5110 643 5181 γάρ
672 5127 763 5163 σου
806 5109 1121 5180 φειδόμενος
1154 5110 1232 5171 εἰς
1282 5108 1429 5163 λίθον
1459 5108 1707 5180 ἠθέλησα
1752 5109 1966 5177 ἀφεῖναι
2018 5114 2116 5183 τὴν

530 5194 699 5265 ὀργήν
721 5210 735 5223 '
778 5192 964 5263 ἐπειδὴ
1002 5192 1059 5245 δὲ
1087 5193 1186 5245 οὑκ
1209 5191 1424 5259 ἐγένετό
1455 5209 1537 5245 σοι
1561 5191 1875 5255 διδάσκαλος
1897 5195 1925 5246 6
1948 5192 2112 5261 λίθος,

531 5275 775 5347 λάμϐανε
807 5277 871 5328 σὺ
905 5277 1005 5348 τὴν
1056 5275 1347 5345 τιμωρίαν.
1385 5276 1494 5330 Καὶ
1547 5273 1783 5336 ἐξέτεινε
1820 5275 1918 5345 τὴν
1957 5279 2116 5347 χεῖρα

517 5358 721 5424 ἀύτοῦ,
756 5358 849 5413 καὶ
878 5358 1192 5430 παραυτίκα
1230 5357 1520 5430 ἐξηράνθη.
1557 5359 1813 5428 Εἱστήκει
1841 5360 2026 5413 λοιπὸν
2057 5362 2118 5414 τὸ

533 5443 793 5515 τρόπαιον
817 5442 912 5495 τοῦ
944 5442 1221 5515 προφήτου
1244 5482 1260 5504 ,
1296 5442 1390 5497 καὶ
1434 5442 1710 5495 συστεῖλαι
1741 5442 1910 5517 αὐτὴν
1962 5447 1990 5497 ὁ
2022 5444 2119 5514 βα-

536 5527 716 5591 σιλεὺς
744 5526 845 5580 οὑκ
877 5525 1130 5597 ἠδύνατο.
1162 5522 1276 5579 Ποῦ
1311 5523 1373 5576 τὸ
1401 5523 1639 5596 διάδημα
1666 5541 1689 5599 ;Α
1734 5525 1838 5579 ποῦ
1879 5528 1934 5580 αί
1978 5545 2116 5599 πορ-

533 5609 753 5682 φυρίδες
772 5626 789 5677 ;
821 5609 924 5665 ποῦ
958 5611 1007 5665 οί
1050 5608 1339 5681 θώρακες;
1393 5607 1497 5667 ποῦ
1530 5609 1586 5662 al
1632 5597 1891 5675 ἀσπίδες;
1923 5610 2026 5664 ποῦ
2053 5597 2116 5665 τὸ

531 5693 927 5768 στρατόπεδον;
954 5691 1055 5747 ποῦ
1084 5691 1152 5748 τά
1179 5690 1414 5764 δόρατα;
1452 5691 1512 5747 ⁸0
1548 5692 1681 5757 Θεὸς
1703 5692 1974 5765 ἐκέλευσε,
2020 5693 2115 5749 καὶ

1266 262 1326 319 S.
1365 258 1649 320 JOANNIS
1681 257 2178 317 CHRYSOSTOMI
2218 257 2539 316 ARCHIEP.
2580 260 3122 318 CONSTANTINOP.

3729 258 3846 316 ’ἔω

2251 370 2430 425 πάντα
2453 375 2637 427 ἐκεῖνα
2653 372 2927 428 ἀπώλετο·
2973 373 3433 446 παρειστήκεισαν
3471 376 3523 428 οἱ
3554 375 3845 443 σατράπαι

2253 460 2516 533 βοηθῆσαι
2548 464 2649 533 μὲν
2686 466 2749 519 ού
2778 465 3095 536 δυνάμενοι,
3145 465 3345 537 θεωροὶ
3380 464 3439 519 δὲ
3482 465 3584 535 τῆς
3615 466 3844 537 πληγῆς

2249 554 2531 624 γενόμενοι
2557 556 2738 626 μόνον.
2772 558 2885 611 Kal
2908 555 3143 621 ἐξέτεινε
3173 556 3274 628 τὴν
3294 558 3452 628 χεῖρα
3477 554 3651 610 αὑτοῦ
3681 556 3712 608 6
3740 555 3843 626 βα-

2252 645 2433 709 σιλεὺς
2453 686 2468 711 ,
2508 648 2603 701 καὶ
2631 648 2933 720 ἐξηράνθηο
2978 651 3067 704 ὅτε
3100 650 3317 719 ἐγένετο
3343 647 3505 720 ξηρὰ,
3539 647 3665 701 τότε
3696 663 3839 716 καρ-

2250 736 2352 789 πὸν
2380 736 2597 806 ἤνεγκε.
2641 738 2815 792 Βλέπε
2845 756 2937 811 μοι
2967 740 3028 793 τὸ
3061 741 3364 812 ὑπόδειγμα
3392 740 3452 793 τὺ
3477 740 3571 792 ἐπὶ
3602 737 3700 791 τοῦ
3738 737 3838 802 ξύ-

2248 827 2342 882 λου
2366 828 2462 881 τοῦ
2490 832 2550 883 ἐν
2587 830 2666 902 τῷ
2698 831 3011 903 παραδείσῳ
3031 873 3046 896 ,
3075 832 3168 886 καὶ
3195 832 3290 886 τοῦ
3329 830 3488 896 ξύλου
3516 829 3615 883 τοῦ
3660 831 3719 882 ἐν
3753 827 3840 897 τῷ

2250 920 2488 991 σταυρῷ.
2519 921 2731 995 Ὠσπερ
2760 924 2869 996 γὰρ
2905 924 2968 977 τὸ
3008 922 3166 990 ξύλον
3197 923 3375 975 ἐκεῖνο
3404 921 3615 992 χλωρον
3653 916 3716 972 ὃν
3743 917 3840 971 θά-

2246 1027 2405 1065 νατον
2436 1009 2614 1076 ἔτεκε,
2641 1013 2703 1065 τὸ
2725 1013 2784 1066 δὲ
2809 1013 2963 1078 ξύλον
3003 1013 3097 1067 τοῦ
3137 1010 3372 1085 σταυροῦ
3396 1010 3563 1083 ξηρὸν
3600 1009 3663 1065 δν
3687 1009 3838 1079 ζωὴν

2244 1100 2534 1171 ἐγέννησεν
2557 1119 2571 1132 ·
2601 1102 2752 1170 οὗτοι
2786 1105 2880 1158 καὶ
2926 1106 3021 1159 ἐπὶ
3065 1104 3167 1177 τῆς
3214 1103 3397 1177 χειρὸς
3432 1102 3529 1156 τοῦ
3563 1100 3838 1172 βασιλέως

2246 1191 2464 1259 ἐγένετο
2483 1229 2498 1255 ,
2544 1192 2634 1245 ὅτε
2673 1193 2863 1265 χλωρά
2885 1181 2955 1266 ἣν
2978 1234 2994 1261 ,
3025 1195 3148 1249 τότε
3183 1193 3442 1248 ἀσέϐειαν
3489 1193 3681 1247 ἔτεκεν
3700 1232 3716 1257 ,
3742 1194 3838 1247 ὅτε

2247 1282 2388 1354 ξηρά
2435 1285 2671 1352 ἐγένετο,
2704 1288 2828 1340 τότε
2879 1287 2979 1359 τὴν
3029 1287 3277 1360 ὑπακοὴν
3329 1289 3721 1357 προσήγαγεν·
3755 1286 3835 1341 ῖόι

2243 1378 2339 1428 τοῦ
2367 1375 2501 1430 Θεοῦ
2527 1378 2595 1432 τὰ
2630 1378 2909 1452 παράδοξα
2936 1382 3258 1453 πράγματα.

2326 1559 2464 1613 Ἀλλ’
2508 1561 2645 1631 ὅπερ
2679 1560 2885 1629 ἔλεγον.
2939 1560 3031 1614 ὅτε
3075 1559 3238 1625 αὑτὸς
3274 1559 3627 1633 ἐρραπίζετο,
3677 1558 3837 1612 οὐδὲν

2244 1652 2412 1705 κακὸν
2439 1651 2518 1722 τῷ
2551 1652 2833 1722 ῥαπίζοντι
2863 1653 3036 1707 ἐποίει
3057 1668 3072 1683 ’
3106 1653 3196 1707 ὅτε
3235 1652 3293 1706 δὲ
3329 1652 3574 1714 δ’δοῦλος
3601 1651 3837 1724 ἔμελλεν

2243 1742 2578 1813 ὑϐρίζεσθαι,
2626 1742 2718 1797 τὸν
2770 1744 2995 1814 βασιλέα
3042 1746 3289 1813 ἐκόλασε,
3339 1745 3399 1799 σὲ
3442 1744 3722 1801 παιδεύων
3761 1743 3837 1798 τά

2246 1834 2344 1905 μὲν
2383 1834 2477 1889 τοῦ
2527 1834 2663 1888 Θεοῦ
2712 1836 2966 1900 ἐκδικεῖν,
3002 1837 3071 1891 τά
3110 1837 3170 1890 δὲ
3216 1839 3391 1892 οίκεῖα
3433 1837 3835 1909 παρατρέχειν.

2243 1926 2455 2001 Ὥσπερ
2492 1928 2599 1999 γὰρ
2629 1927 2695 1982 τά
2733 1928 2847 2000 ὲμά
2887 1930 3242 2003 παρατρέχω,
3267 1929 3337 1984 τά
3377 1930 3436 1984 δὲ
3471 1930 3539 1989 σά
3584 1929 3791 1984 ἐκδικῶ
3814 1945 3833 1961 ·

2240 2016 2382 2071 οὑτω
2419 2016 2516 2071 καὶ
2556 2017 2621 2070 σὺ
2657 2017 2725 2073 τά
2755 2019 2864 2090 ἐμά
2908 2020 3136 2086 ἐκδίκει,
3172 2022 3241 2077 τά
3282 2020 3337 2074 δὲ
3384 2021 3453 2075 σά
3486 2021 3833 2097 παράτρεχε.

2205 2099 2227 2109 “
2254 2108 2414 2162 Ἀλλά
2448 2110 2758 2165 συντείνατέ
2798 2129 2887 2184 μοι
2922 2114 3025 2185 τὴν
3061 2113 3231 2185 ἀκοὴν
3254 2112 3419 2186 (ἔνθα
3450 2115 3562 2186 γάρ
3597 2115 3836 2185 ἀγώνων

2240 2203 2455 2274 καιρὸς,
2489 2203 2780 2275 ἀκροατῶν
2824 2205 2982 2275 χρεία
3016 2205 3417 2278 συντεταμένην
3456 2207 3694 2275 ἐχόντων
3732 2207 3836 2279 τὴν

2239 2290 2452 2363 ἀκοὴν),
2476 2292 2564 2346 ῖνα
2580 2292 2756 2365 είδῆτε
2776 2290 2928 2365 [707]
2951 2294 3089 2364 μετά
3109 2294 3395 2367 ἀκριϐείας
3417 2296 3535 2360 πῶς
3552 2296 3835 2367 δεσμύω.

2239 2382 2357 2447 πῶς
2392 2383 2505 2437 λύω
2536 2385 2607 2439 τά
2651 2383 2763 2439 τῶν
2792 2385 3081 2461 ἀντιδίκων
3112 2387 3513 2460 ἁμαρτήματα,
3554 2388 3677 2451 πῶς
3723 2406 3835 2442 πα-

2238 2474 2394 2541 λαίω,
2424 2476 2543 2541 πῶς
2576 2478 2783 2549 ῥήσσω.
2814 2479 2879 2533 Et
2909 2478 3021 2550 γὰρ
3048 2481 3095 2533 οί
3133 2481 3192 2533 ἐν
3220 2480 3299 2552 τῷ
3329 2481 3553 2559 ,θεάτρῳ
3582 2484 3836 2556 καθήμε-

2238 2584 2319 2620 νοι
2346 2567 2705 2623 ἐπικύπτουσι
2735 2570 2828 2623 δύο
2856 2567 3217 2639 παλαιόντων,
3250 2573 3351 2644 τὴν
3374 2572 3497 2643 ὄψιν
3526 2575 3712 2630 αὑτῶν
3735 2577 3835 2632 καὶ

2237 2658 2337 2729 τὴν
2375 2658 2592 2730 ἡλικίαν
2634 2661 2982 2727 ἐκτείνοντες,
3026 2662 3113 2717 ἴνα
3155 2663 3307 2717 ἴδωσι
3339 2664 3702 2737 παλαίσματα
3747 2668 3835 2724 a1-

2239 2751 2442 2822 σχύνης
2490 2751 2749 2822 γέμοντα,
2787 2753 2872 2808 ἵνα
2908 2753 3059 2808 ἴδωσι
3096 2754 3467 2826 παλαίσματα,
3496 2756 3535 2811 ἀ
3582 2738 3837 2830 μιμήσα-

2239 2838 2363 2893 σθαι
2393 2840 2646 2911 αίσχύνη,
2682 2840 2863 2913 πολλῷ
2904 2841 3104 2912 μᾶλλον
3144 2844 3293 2915 ἡμᾶς
3330 2843 3623 2914 προσέχειν
3651 2843 3739 2897 δεῖ
3762 2846 3832 2917 τῇ

2235 2929 2346 2984 τῶν
2382 2930 2541 2985 θείων
2580 2931 2619 2983 Γ
2623 2932 2813 3003 ραφῶν
2856 2933 3139 3006 ἀκροάσει.
3187 2933 3251 2987 Ei
3292 2932 3401 3005 γάρ
3448 2935 3698 2997 ἐπαινεῖς
3739 2936 3837 2988 τὸν

2237 3016 2497 3096 ἀθλητὴν.
2543 3024 2632 3078 διά
2671 3025 2726 3079 τί
2775 3025 2835 3079 ού
2884 3029 3010 3098 γίνῃ
3053 3026 3327 3098 ἀθλητής;
3378 3026 3429 3080 εί
3483 3026 3542 3080 δὲ
3591 3028 3835 3103 αἰσχύνῃ

2236 3115 2490 3183 γενέσθαι
2517 3115 2777 3187 ἀθλητὴς,
2813 3116 2902 3171 διὰ
2937 3117 2990 3170 τί
3029 3120 3169 3189 μιμῇ
3205 3117 3410 3173 τούτων
3442 3118 3535 3171 τὸν
3565 3118 3831 3188 ἐπαινονς

2251 3206 2392 3268 Ἀλλ’
2440 3214 2542 3267 οὑκ
2594 3208 2739 3261 ἐστιν
2764 3207 2998 3263 ἐνταῦθα
3046 3207 3272 3262 τοιαῦτα
3319 3209 3389 3262 τά
3444 3210 3832 3281 παλαίσματα,

2233 3306 2369 3362 ἀλλά
2410 3302 2567 3359 κοινὰ
2605 3304 2738 3356 πᾶσι
2771 3301 2864 3355 καὶ
2904 3300 3157 3371 ὠφέλιμα
3200 3301 3296 3354 καὶ⁵
3334 3303 3447 3366 τοῖς
3476 3301 3701 3370 λέγουσι
3734 3304 3833 3357 καὶ

2231 3403 2345 3473 τοῖς
2379 3397 2662 3453 ἀκούουσι.
2690 3395 2914 3450 Παλαίω
2945 3395 3056 3469 γὰρ
3095 3395 3234 3468 μετά
3270 3396 3365 3451 τοῦ
3396 3395 3701 3467 αίρετικοῦ,
3741 3400 3834 3455 ἴνα

2231 3492 2329 3557 καὶ
2355 3492 2502 3563 ὑμᾶς
2529 3488 2768 3563 ἀθλητὰς
2798 3490 3223 3560 ἀπεργάσωμαι,
3259 3490 3347 3545 ἵνα
3377 3490 3452 3562 μὴ
3484 3492 3651 3560 μόνον
3682 3492 3832 3563 ψάλ-

2235 3599 2433 3650 ωντες,
2476 3582 2613 3636 ἀλλά
2656 3583 2753 3637 καὶ
2792 3580 3165 3653 διαλεγόμενοι
3209 3582 3310 3655 τὴν
3354 3581 3601 3650 γλῶτταν
3642 3584 3834 3639 αὐτῶν

2229 3676 2643 3748 ἀπορῥάπτητε.
2700 3672 2767 3726 Τί
2816 3669 2911 3728 οῦν
2963 3690 3128 3744 φησιν
3175 3674 3206 3727 6
3257 3674 3584 3747 προφήτης;
3645 3678 3834 3747 Φωνῇ

2222 3785 2344 3836 μου
2375 3766 2524 3836 πρὸς
2563 3768 2785 3835 Κύριον
2814 3764 3129 3835 ἐκέκραξα,
3162 3764 3333 3835 φωνῇ
3375 3783 3496 3836 μου
3533 3766 3687 3835 πρὸς
3716 3770 3833 3825 τὸν

2231 3860 2380 3914 Θεὸν
2408 3856 2684 3927 ἐδεήθην.
2732 3857 2977 3930 Πρόσχες
3001 3873 3016 3887 ’
3058 3854 3133 3928 μὴ
3178 3855 3328 3910 δοκεῖ
3370 3855 3515 3926 ἔχειν
3561 3857 3831 3931 ἀφορμὴν

2230 3950 2625 4021 παλαισμάτων
2658 3949 2719 4003 τὸ
2750 3948 2949 4021 ῥηθέν;
2991 3948 3134 4020 Ὅρα
3180 3946 3302 4019 πῶς
3342 3946 3529 4001 πλέκω
3572 3949 3667 4002 τὸν
3701 3951 3832 4005 στέ-

2230 4062 2395 4114 φανον
2431 4044 2525 4097 καὶ
2565 4041 2675 4097 τῶν
2720 4038 2950 4111 ἀγώνων
2997 4038 3096 4112 τὴν
3148 4038 3424 4094 ὑπόθεσιν.
3480 4039 3661 4109 Φωνῇ
3700 4059 3829 4109 μου

2228 4136 2378 4205 πρὸς
2412 4136 2629 4204 Κύριον
2657 4133 2983 4203 ἐκέκραξα·
3012 4130 3185 4202 φωνῇ
3202 4150 3322 4203 μου
3349 4130 3501 4200 πρὸς
3526 4131 3639 4185 τὸν
3672 4134 3831 4187 Θεὸν

2228 4227 2499 4297 ἐδεήθην.
2553 4225 2819 4283 Ἐνταῦθά
2851 4244 2941 4297 μοι
2973 4226 3063 4279 τὸν
3093 4225 3369 4296 αἱρετικὸν
3400 4224 3556 4279 κάλει
3584 4240 3599 4254 '
3634 4225 3733 4279 ἐάν
3763 4243 3829 4280 τι

2228 4322 2398 4390 παρῇ,
2428 4319 2523 4373 ἐὰν
2547 4336 2606 4372 τε
2636 4316 2709 4389 μὴ
2738 4320 2911 4389 παρῇ.
2942 4317 3066 4371 Ἐάν
3099 4333 3158 4369 τε
3185 4316 3297 4388 γὰρ
3327 4318 3499 4388 παρῇ,
3533 4314 3692 4386 παρὰ
3719 4317 3829 4387 τῆς

2226 4412 2499 4483 ἡμετέρας
2531 4410 2714 4480 φωνῆς
2752 4406 3086 4462 παιδευέσθω
3108 4424 3122 4438 ⁸
3160 4408 3256 4463 ἐάν
3289 4424 3350 4461 τε
3393 4405 3469 4478 μὴ
3505 4410 3659 4479 παρῇ
3680 4449 3697 4474 ,
3732 4408 3829 4463 διὰ

2226 4501 2326 4572 τῆς
2385 4500 2655 4571 ὑμετέρας
2707 4498 3020 4569 ἀκροάσεως
3076 4496 3413 4568 μανθανέτω.
3480 4495 3621 4549 Ἀλλ’
3681 4497 3829 4569 ὅπερ

2222 4578 2399 4656 εἷπον,
2429 4592 2529 4645 οὑκ
2558 4590 2769 4644 ἐλαύνω
2798 4588 2960 4643 αὑτὸν
2989 4589 3252 4660 παρόντα,
3285 4588 3422 4643 ἀλλά
3453 4588 3685 4660 δέχομαι
3714 4590 3826 4643 αὑ-

2226 4684 2316 4736 τὸν
2344 4682 2717 4753 ἐλαυνόμενον.
2751 4682 2813 4734 οὑ
2844 4680 2970 4751 παρ’
3004 4680 3180 4751 ἡμῶν,
3209 4680 3323 4734 ἀλλ’
3347 4680 3456 4734 ἀπὸ
3492 4680 3587 4734 τοῦ
3611 4682 3825 4737 οίκείου

2228 4769 2547 4836 συνειδότος,
2605 4770 2749 4823 κατὰ
2803 4768 2895 4821 τὸν
2943 4767 3187 4836 λέγονῖα,
3239 4767 3535 4845 Φεύγείῤ
3583 4770 3827 4841 ἀσεϐὴς

2220 4859 2475 4930 μηδενὸς
2539 4859 2880 4926 διώκοντος.
2946 4860 3008 4912 Ἣ
3081 4861 3375 4932 Ἐκκλησία
3444 4864 3627 4935 μήτηρ
3700 4865 3827 4917 ἐστὶ

2225 4949 2332 5005 τῶν
2357 4953 2570 5007 οἰκείων
2598 4952 2827 5017 τέκνων,
2874 4953 2967 5005 καὶ
3005 4952 3226 5019 τούτους
3262 4953 3549 5026 δεχομένη,
3578 4954 3675 5008 καὶ
3703 4960 3827 5020 τοῖς

2226 5044 2397 5111 ξένοις
2440 5048 2567 5106 τοὺς
2619 5045 2853 5109 κόλπους
2894 5045 3233 5115 ἐφαπλοῦσα.
3283 5047 3477 5101 Κοινδν
3517 5045 3747 5119 θέατρον
3783 5052 3824 5122 ἡ

2225 5138 2455 5202 κιϐωτὸς
2485 5139 2518 5209 ἡ
2547 5136 2640 5190 τοῦ
2664 5137 2786 5190 Νῶε
2814 5134 2902 5204 ἦν,
2935 5138 3051 5193 ἀλλ’
3084 5140 3117 5210 ή
3152 5138 3453 5209 Ἐκκλησία
3480 5139 3576 5193 καὶ
3607 5139 3824 5212 ταύτης

2228 5230 2469 5299 βελτίων.
2514 5230 2725 5303 Ἐκείνη
2788 5231 2888 5304 μὲν
2941 5231 3050 5306 γὰρ
3113 5232 3420 5303 ἐλάμϐανεν
3467 5232 3662 5301 ἄλογα,
3720 5234 3824 5289 καὶ

2225 5322 2521 5391 ἐφύλαττεν
2577 5322 2784 5391 ἀλογα’
2836 5323 2975 5396 αὕτη
3026 5325 3082 5379 δέ
3138 5311 3407 5396 λὶιμοάνει
3467 5324 3660 5393 ἄλογα,
3720 5328 3823 5381 και

2224 5414 2572 5484 μεταϐάλλει.
2634 5408 2759 5467 Οἴόν
2809 5433 2862 5469 τι
2915 5416 3062 5484 λέγω
3087 5433 3101 5447 ·
3141 5416 3265 5470 Ἐὰν
3326 5414 3542 5488 εἰσέλθῃ
3576 5415 3821 5473 ἐνταῦθα

2225 5505 2451 5577 ἀλώπηξ
2478 5506 2771 5579 αἱρετικὸς,
2809 5507 2949 5561 ποιῶ
2990 5507 3178 5562 τοῦτον
3209 5507 3482 5579 πρόϐατον
3505 5524 3521 5539 ε
3551 5507 3649 5561 ἐὰν
3697 5512 3822 5563 είσ-

2224 5597 2355 5673 έλθῃ
2398 5599 2580 5662 λύκος,
2616 5601 2753 5653 ποιῶ
2786 5600 2949 5654 αὑτὸν
2992 5600 3177 5671 ἀρνίον
3210 5600 3271 5653 τὸ
3311 5599 3443 5670 ἐμὸν
3477 5600 3646 5672 μέρος
3670 5618 3685 5631 ·
3719 5600 3822 5658 ἐὰν

2225 5691 2281 5746 δὲ
2330 5692 2413 5764 μὴ
2455 5691 2934 5771 βούληται,ηοὺὃὲν
2988 5695 3118 5766 παρ’
3164 5694 3283 5764 ἐμέ,
3328 5693 3467 5748 ἀλλά
3524 5695 3679 5766 παρὰ
3716 5691 3825 5765 τὴν
