4084 6426
181 283 292 337 73!

180 423 422 477 gamus:
443 411 702 478 ejusmodi
731 414 958 470 namque
979 405 1218 454 nostrum
1241 393 1534 452 estbellum
1553 410 1567 449 .‘
1588 408 1694 448 non
1726 407 1794 447 ex

178 499 334 552 vivis
357 507 596 553 mortuos
618 494 812 555 reddit,
837 492 931 546 sed
952 507 1015 545 ex
1039 488 1264 544 mortuis
1287 487 1434 541 vivos
1451 485 1633 549 efficit,
1649 499 1802 537 man-

176 589 484 644 suetudine
497 604 557 642 ac
571 586 732 642 multa
750 583 1053 640 redundans
1071 579 1413 650 benignitate.
1432 578 1547 631 Non
1570 576 1710 630 enim
1734 574 1801 627 fa-

176 681 291 734 ctis
315 681 574 744 insector,
589 676 681 731 sed
699 676 876 730 verbis
896 687 1205 745 persequor,
1227 685 1330 724 non
1352 669 1683 730 hasreticum,
1704 664 1800 719 sed

178 770 472 837 haeresim,
495 786 598 823 non
619 769 888 824 hominem
907 779 1147 830 aversor,
1166 763 1261 817 sed
1279 776 1517 816 errorem
1537 759 1659 814 odio
1679 773 1800 825 pru-

176 876 398 930 sequor
411 871 463 914 et
478 859 707 913 avellere
720 872 904 912 conor:
922 871 1026 910 non
1045 863 1124 908 est
1138 852 1266 907 mihi
1279 851 1478 906 bellum
1492 858 1797 916 susceptum

176 967 319 1004 cum
344 951 669 1013 substantia;
701 949 792 1004 Dei
815 946 1078 1018 siquidem
1106 958 1240 1014 opus
1257 940 1680 999 estsubstantia:
1705 937 1798 992 sed

177 1043 469 1111 corrigere
495 1050 724 1096 mentem
747 1040 891 1102 volo,
910 1053 1066 1108 quam
1089 1035 1330 1091 diabolus
1352 1033 1607 1101 corrupit.
1635 1031 1722 1083 Sic
1747 1037 1801 1083 et

181 1133 444 1189 medicus
461 1131 587 1189 dum
607 1141 863 1201 zegrotum
878 1137 1050 1192 curat,
1068 1143 1170 1182 non
1186 1139 1379 1196 corpus
1396 1132 1686 1194 oppugnat,
1704 1120 1799 1174 sed

181 1227 446 1297 corporis
468 1227 650 1280 vitium
674 1223 828 1279 tollit.
846 1221 934 1278 Sic
957 1222 1118 1291 igitur
1132 1236 1231 1290 ego
1247 1232 1475 1289 quoque,
1497 1219 1539 1272 si
1557 1230 1678 1270 cum
1700 1214 1802 1267 Ire-

179 1321 382 1376 reticis
398 1321 591 1375 bellum
606 1331 954 1388 gessero,non
970 1331 1090 1370 cum
1105 1313 1409 1367 hominibus
1421 1310 1618 1365 bellum
1647 1323 1804 1379 gero,-

181 1411 289 1464 sed
320 1426 561 1466 errorem
586 1410 853 1478 expellere
865 1407 1009 1472 volo,
1033 1421 1095 1461 ac
1117 1404 1452 1476 putredinem
1479 1416 1797 1470 expurgare.

265 1500 502 1558 Christus
533 1501 786 1571 patientia
824 1497 1011 1570 pra'bet
1051 1497 1355 1564 exemplum.
1395 1524 1469 1536 —
1503 1493 1628 1547 Mihi
1665 1507 1798 1546 con-

181 1605 410 1649 suetum
431 1606 513 1649 est
530 1595 995 1665 pcrsequutionem
1016 1591 1144 1660 pati,
1162 1603 1270 1644 non
1293 1586 1540 1657 persequi
1561 1604 1574 1640 :
1595 1585 1797 1652 vexari,

184 1701 303 1741 non
332 1702 550 1744 vexare.
593 1686 682 1741 Sic
719 1694 774 1740 et
798 1682 1046 1739 Christus
1069 1679 1338 1744 vincebat,
1370 1693 1478 1732 non
1505 1677 1650 1732 cruci
1679 1675 1800 1728 affi-

181 1794 330 1848 gens
351 1820 365 1845 ,
394 1779 488 1831 sed
519 1777 663 1831 cruci
690 1775 879 1830 aflixus
904 1790 920 1841 ;
951 1788 1057 1827 non
1085 1771 1250 1841 alapis
1283 1769 1496 1826 etndens
1516 1808 1532 1836 ,
1562 1766 1655 1822 sed
1685 1766 1800 1820 ala-

183 1874 278 1942 pis
308 1886 502 1926 (ausus.
539 1869 598 1925 Si
627 1869 760 1923 male
785 1869 1022 1937 loquutus
1050 1882 1195 1931 sum,
1230 1863 1432 1934 inquit,
1461 1859 1800 1915 testimonium

183 1963 402 2031 perliibe
431 1961 494 2014 de
520 1961 694 2025 malo;
729 1961 772 2014 si
797 1967 966 2013 autent
989 1957 1112 2012 bene
1131 1998 1146 2024 ,
1179 1957 1300 2026 quid
1329 1971 1408 2008 me
1435 1955 1588 2010 credis
1614 1953 1796 2025 (loan.

187 2052 284 2107 18.
313 2051 387 2107 εδ
414 2050 474 2123 )?
507 2051 761 2104 Dominus
790 2049 936 2104 orbis
963 2057 1224 2106 terrarum
1255 2045 1392 2116 apud
1423 2061 1636 2101 servum
1667 2060 1800 2116 pon-

185 2142 354 2197 tilieis
379 2159 438 2198 se
468 2151 672 2212 purgat,
695 2141 856 2196 etiam
884 2140 1050 2210 alapis
1080 2139 1134 2194 in
1162 2153 1256 2194 ore
1285 2152 1477 2203 casus,
1513 2137 1651 2191 unde
1675 2152 1800 2207 pros

180 2235 293 2289 diit
322 2236 568 2301 verbum,
589 2243 643 2290 et
673 2243 821 2288 mare
850 2232 1093 2296 frenavit,
1120 2239 1174 2287 et
1194 2230 1603 2301 quatriduanum
1635 2229 1798 2284 Lam-

183 2343 312 2381 rum
341 2342 372 2380 a
399 2326 624 2380 mortuis
650 2325 904 2379 excitavit
931 2342 944 2379 :
975 2324 1116 2377 unde
1143 2323 1342 2376 malum
1373 2320 1624 2391 fugiebat,
1658 2319 1800 2375 unde

183 2419 542 2488 argi-itudines
554 2429 608 2473 et
629 2424 841 2487 peccata
865 2415 1208 2471 solvebantur
1233 2433 1245 2468 :
1271 2415 1373 2468 hoc
1385 2425 1466 2468 cst
1483 2414 1794 2468 miraculum

181 2506 466 2564 Crucilixi.
491 2508 623 2563 Nam
645 2524 766 2562 cum
790 2507 1009 2560 fulmina
1038 2507 1249 2560 vibrare
1273 2516 1473 2576 posset,
1508 2520 1570 2558 ac
1596 2509 1794 2559 terram

183 2612 483 2656 concutere
506 2641 523 2665 ,
556 2599 803 2668 servique
835 2613 1048 2652 manum
1087 2596 1358 2652 arefacere
1383 2638 1397 2661 ,
1441 2596 1571 2650 nihil
1604 2596 1794 2650 horum

185 2696 353 2760 fecit;
386 2693 482 2749 sed
509 2703 562 2747 et
585 2707 644 2747 se
670 2699 879 2762 purgat,
903 2701 958 2746 et
985 2698 1203 2759 superat
1224 2689 1570 2759 benignitate,
1599 2698 1648 2742 te
1672 2703 1799 2742 eru-

183 2787 369 2853 diens,
395 2797 453 2840 ut
479 2801 601 2840 cum
624 2786 786 2839 homo
811 2784 905 2850 sis,
936 2798 1223 2853 numquam
1249 2782 1606 2838 excandescas
1631 2799 1643 2834 :
1669 2781 1796 2837 licet

190 2879 344 2933 cruci
374 2875 638 2947 afﬁgaris,
667 2877 790 2932 licet
819 2876 1025 2945 alapam
1053 2875 1316 2946 accipias,
1347 2885 1405 2928 ut
1432 2874 1619 2929 eadem
1647 2874 1794 2929 dicas

183 2985 312 3040 qum
337 2969 595 3023 Dominus
621 2978 760 3033 tuus,
787 2967 848 3022 Si
874 2966 1007 3020 male
1032 2967 1268 3037 loquutus
1292 2982 1423 3030 sum,
1454 2950 1792 3020 testimonium

183 3062 398 3134 perhibe
417 3062 480 3114 de
500 3059 667 3138 mulo;
694 3061 734 3115 si
753 3071 923 3114 autem
945 3059 1085 3126 bene,
1114 3059 1235 3130 quid
1257 3076 1335 3114 me
1362 3059 1515 3112 cardis
1533 3059 1558 3111 ?
1580 3061 1655 3112 Ac
1672 3057 1792 3114 vide

184 3156 361 3225 ipsius
388 3154 765 3224 benignitatem
786 3193 802 3218 ,
825 3167 931 3223 quo
954 3160 1106 3221 pacto
1127 3166 1246 3221 qua:
1273 3166 1548 3206 servorum
1577 3151 1788 3220 quidem

185 3261 412 3302 suorum
438 3255 563 3300 sunt
588 3245 837 3310 vindicet,
867 3260 985 3314 qua:
1013 3259 1142 3299 vero
1170 3259 1265 3298 sua
1295 3251 1440 3310 sunt,
1473 3245 1793 3314 prmtermit—

185 3347 286 3393 tat.
318 3337 581 3406 Propheta
600 3336 868 3407 quondam
897 3334 992 3390 fuit
1013 3376 1028 3401 ,
1048 3336 1137 3406 qui
1161 3351 1339 3405 regem
1363 3336 1524 3405 impie
1544 3344 1788 3405 agentem

186 3428 544 3500 redarguebat
568 3445 583 3494 ;
611 3438 664 3484 et
692 3443 810 3483 cum
836 3429 1170 3494 accessisset,
1189 3428 1319 3483 dixit
1346 3448 1358 3484 :
1385 3428 1580 3495 litare,
1605 3430 1786 3492 altare,

183 3524 312 3577 nudi
331 3525 406 3593 (ὅ.
428 3523 649 3594 Reg.i3.
665 3521 743 3594 2).
764 3522 899 3578 Nam
915 3522 1165 3593 quoniam
1178 3539 1271 3577 rex
1289 3523 1572 3578 Jeroboam
1587 3523 1792 3577 sacriﬁ-

185 3617 332 3670 cium
355 3615 510 3671 idolis
532 3615 763 3670 otierens
788 3614 982 3680 stabat,
999 3616 1356 3669 tum'vcniens
1381 3615 1640 3684 prephcta
1667 3629 1790 3669 cum

185 3710 344 3763 altari
371 3708 713 3778 colloquitur.
739 3707 878 3774 Quid
890 3707 1022 3778 agis,
1041 3723 1073 3762 o
1095 3706 1395 3777 propheta?
1418 3706 1685 3761 hominem
1709 3707 1791 3761 di-

188 3803 382 3868 mittis,
400 3810 455 3856 et
475 3817 594 3856 cum
613 3801 764 3856 altari
786 3799 1138 3870 colloqueris?
1153 3799 1226 3854 lta
1249 3810 1350 3864 est,
1373 3800 1560 3869 inquit.
1579 3799 1790 3867 Quare?

186 3892 633 3962 Quandoquidem
665 3892 824 3946 homo
853 3893 1022 3961 magis
1066 3907 1258 3961 expers
1291 3905 1482 3946 sensus
1519 3907 1582 3946 ac
1617 3894 1790 3962 stupi-

186 3984 310 4039 dior
334 3983 510 4054 lapide
539 3983 707 4038 factus
734 3992 845 4048 est,
871 3985 1061 4038 omitto
1091 3983 1239 4037 illum
1266 3991 1322 4038 et
1345 3999 1466 4038 cum
1495 3985 1598 4039 isto
1624 3983 1792 4037 collo-

185 4090 361 4146 quor,
393 4085 451 4130 ut
491 4075 752 4146 intelligas
777 4074 964 4130 audire
994 4075 1220 4145 lapidem
1247 4119 1262 4144 ,
1291 4083 1345 4131 ct
1377 4074 1648 4130 hominem
1681 4091 1790 4132 non

186 4167 400 4222 audire.
432 4168 591 4235 Audi,
616 4169 796 4236 altare,
829 4169 952 4222 audi
978 4183 996 4221 :
1026 4179 1078 4222 et
1107 4168 1285 4224 subito
1309 4178 1524 4238 ruptum
1551 4176 1636 4224 est
1661 4168 1793 4225 alta.-

186 4277 270 4316 re.
304 4260 557 4316 Extendit
579 4276 794 4316 manum
825 4275 975 4316 suam
1002 4275 1120 4324 rex,
1144 4275 1264 4318 cum
1292 4262 1606 4332 prophetam
1631 4263 1793 4318 vellet

187 4352 496 4423 corripere,
528 4368 698 4423 neque
727 4353 899 4423 potuit
927 4352 1072 4406 illam
1098 4353 1165 4406 ad
1196 4368 1257 4407 se
1285 4352 1566 4410 reducere.
1606 4353 1788 4422 Vides,

191 4457 250 4502 ut
275 4448 448 4500 altare
476 4447 673 4516 potius,
708 4461 866 4514 quam
899 4459 993 4499 rex
1022 4444 1288 4499 audierit?
1315 4443 1483 4508 vides,
1513 4453 1572 4500 ut
1590 4446 1793 4500 omisso

191 4557 259 4596 eo
297 4540 390 4609 qui
429 4540 634 4592 ratione
675 4537 931 4606 praeditus
969 4546 1084 4592 erat
1107 4579 1121 4602 ,
1153 4537 1205 4591 id
1244 4535 1384 4606 quod
1418 4545 1533 4592 erat
1571 4539 1793 4592 rationis

191 4647 396 4699 expers
423 4631 492 4685 sit
520 4630 840 4697 alloquutus,
871 4638 929 4683 ut
959 4644 1051 4697 per
1078 4629 1231 4682 istius
1261 4627 1617 4683 obedientiam
1651 4629 1792 4684 illius

191 4735 465 4794 stuporem
487 4721 845 4790 malitiamque
861 4720 1190 4790 corrigeret?
1217 4719 1463 4774 Fractum
1491 4729 1572 4774 est
1597 4720 1790 4786 altare,

192 4825 249 4870 et
278 4814 420 4883 regis
451 4811 651 4866 malitia
681 4810 843 4866 fracta
874 4809 976 4864 n‘on
1005 4821 1108 4864 est.
1140 4813 1218 4864 Ac
1245 4811 1396 4874 vide,
1431 4810 1556 4879 quid
1583 4811 1792 4866 accide-

193 4909 264 4961 rit
291 4923 304 4959 :
338 4902 578 4960 extendit
606 4918 819 4956 manum
862 4915 1010 4956 suam
1051 4917 1145 4957 rex
1169 4943 1184 4966 ,
1216 4909 1274 4956 ut
1298 4902 1611 4972 prephetam
1638 4917 1792 4958 com-

192 4995 572 5068 prehenderet,
590 5003 644 5048 et
665 4994 916 5048 continuo
937 5009 1127 5048 manus
1144 4993 1258 5062 ejus
1279 4995 1504 5048 exaruit.
1528 4993 1789 5061 Quoniam

194 5090 380 5144 altaris
410 5085 674 5156 supplicio
700 5086 890 5140 melior
919 5083 1088 5140 factus
1115 5099 1222 5138 non
1249 5093 1364 5150 est,
1395 5086 1607 5154 propria
1635 5100 1792 5154 poma

194 5180 556 5237 obedientiam
600 5179 691 5233 Dei
731 5177 973 5232 docetur.
1023 5176 1135 5245 Ego
1175 5177 1389 5246 quidem
1436 5177 1525 5229 tibi
1567 5192 1792 5246 parcens

195 5274 337 5328 volui
368 5273 419 5325 in
448 5271 676 5340 lapidem
704 5270 835 5324 iram
866 5267 1176 5333 ell'undere;
1205 5268 1422 5338 quando
1447 5279 1626 5321 autem
1656 5269 1792 5336 lapi-

199 5370 278 5423 dis
309 5364 618 5433 magisterio
644 5380 750 5420 non
776 5377 837 5418 es
862 5361 1122 5426 eruditus,
1157 5371 1208 5416 tu
1238 5361 1554 5433 supplicium
1583 5363 1790 5430 excipe.

197 5459 263 5514 Et
286 5457 528 5513 extendit
553 5471 768 5510 manum
794 5470 963 5518 suam,
990 5463 1044 5508 et
1068 5469 1098 5509 e
1126 5453 1346 5522 vestigio
1371 5454 1578 5508 exaruit
1605 5453 1712 5524 (Ib.
1744 5471 1790 5507 υ.

198 5549 468 5621 4).Sta_bat
495 5549 746 5617 deinceps
775 5555 1034 5615 tropaeum
1065 5543 1362 5614 prophetis,
1389 5555 1442 5599 et
1468 5560 1558 5599 rcx
1585 5556 1796 5598 contra-

198 5651 328 5702 here
373 5643 544 5712 ipsam
590 5656 695 5694 non
739 5647 968 5709 poterat.
1019 5637 1120 5692 Ubi
1161 5636 1447 5691 diadema?
1489 5637 1574 5691 ubi
1618 5645 1795 5690 vestes

203 5734 518 5808 purpureis?
543 5733 628 5790 ubi
659 5733 835 5789 loricae
856 5731 879 5786 ἲ
903 5731 992 5786 ubi
1018 5728 1232 5802 clypei?
1259 5728 1344 5784 ubi
1375 5729 1676 5786 exercitus?
1703 5729 1790 5784 ubi

1458 279 1526 338 IN
1561 279 1620 336 S.
1661 276 1938 334 PHOCAM
1981 274 2394 333 MARTYREM.

3403 283 3510 340 τος

1915 382 2154 444 lancem?
2178 389 2344 444 Jussit
2371 389 2531 455 Deus,
2554 402 2608 446 et
2626 390 2804 447 omnia
2828 389 2917 447 illa
2946 392 3218 460 perierunt
3241 411 3255 449 :
3279 392 3512 456 circum-

1909 480 2122 535 stabant
2149 491 2397 551 satrapae,
2428 482 2520 552 qui
2549 496 2866 537 succurrere
2893 483 3114 540 minime
3144 495 3389 552 poterant
3408 527 3426 552 ,
3457 496 3514 542 at

1910 573 2078 644 plagae
2116 582 2318 627 tantum
2363 582 2693 643 spectatores
2722 583 2876 628 erant
2903 574 3119 632 redditi.
3167 575 3235 632 Et
3267 577 3514 634 extendit

1909 679 2123 717 manum
2156 678 2304 718 suam
2329 679 2446 728 rex,
2474 675 2529 719 et
2556 666 2764 719 exaruit
2794 654 2816 719 τ’
2836 665 3052 736 quando
3068 665 3218 725 arida
3243 667 3382 725 facta
3402 679 3508 733 est,

1909 765 2034 811 tunc
2063 757 2292 813 fructum
2325 759 2462 814 tulit.
2509 759 2797 816 Considera
2829 760 2957 814 mihi
2986 760 3290 831 exemplum
3316 802 3333 827 ,
3364 763 3514 832 quod

1909 851 2145 905 occurrit
2172 850 2224 905 in
2256 851 2421 921 ligno,
2454 852 2595 922 quod
2628 852 2681 909 in
2713 853 2960 922 paradiso
2987 852 3110 918 fuit,
3145 863 3200 910 et
3239 855 3291 909 in
3324 853 3512 926 ligno,

1908 943 2048 1013 quod
2069 943 2166 998 fuit
2186 944 2238 998 in
2257 960 2434 1000 cruce.
2469 946 2616 1002 Sicut
2641 947 2784 1002 enim
2816 949 3012 1019 lignum
3038 948 3193 1017 illud,
3215 965 3338 1008 cum
3367 961 3511 1007 esset

1908 1035 2100 1103 viride,
2133 1045 2360 1093 mortem
2389 1040 2618 1110 peperit,
2643 1039 2842 1110 lignum
2871 1057 2999 1097 vero
3025 1043 3224 1111 crucis,
3253 1057 3376 1098 cum
3404 1044 3510 1098 ari-

1909 1127 2033 1182 dum
2056 1139 2221 1197 esset,
2245 1131 2409 1186 vitam
2431 1133 2649 1203 genuit:
2676 1135 2756 1190 sic
2775 1142 2828 1189 et
2852 1134 2905 1189 in
2929 1149 3088 1190 manu
3112 1137 3253 1206 regis
3275 1135 3507 1192 accidit:

1907 1219 2124 1289 quando
2147 1221 2328 1277 viridis
2358 1232 2493 1289 erat,
2521 1230 2645 1279 tunc
2673 1225 3000 1294 impietatem
3026 1229 3268 1297 peperit;
3293 1228 3513 1298 quando

1908 1309 2054 1364 arida
2078 1310 2214 1365 facta
2242 1323 2342 1379 est,
2369 1322 2494 1369 tunc
2514 1314 2876 1371 obedientiam
2900 1317 3151 1387 produxit
3179 1337 3194 1374 :
3223 1319 3344 1377 vide
3368 1318 3512 1374 facta

1909 1398 2003 1454 Dei
2042 1401 2323 1456 mirabilia.

1981 1489 2119 1544 Deus
2160 1508 2415 1548 servorum
2458 1511 2664 1550 suorum
2705 1496 2967 1553 ulciscitur
3011 1501 3250 1570 injurias.
3287 1530 3358 1542 --
3400 1500 3510 1557 Sed

1907 1581 2048 1652 quod
2090 1582 2332 1637 dicebam
2355 1625 2370 1650 ,
2405 1586 2619 1655 quando
2648 1588 2968 1658 alapislipse
2997 1589 3307 1646 credebatur
3327 1633 3342 1656 ,
3372 1592 3515 1648 nihil;

1908 1672 2034 1727 mali
2055 1671 2280 1727 cadenti
2305 1674 2595 1731 inferebat:
2615 1678 2829 1747 quando
2848 1689 3025 1734 autem
3048 1696 3236 1738 servus
3259 1683 3517 1751 iniuriam-

1909 1779 2164 1834 passurus
2188 1775 2324 1834 erat,
2343 1782 2523 1836 regem
2552 1770 2790 1839 punivit,
2821 1781 2882 1826 ut
2913 1780 2966 1827 te
2993 1771 3184 1828 doceat
3206 1789 3268 1830 ea
3289 1774 3516 1844 quidem

1907 1873 2038 1928 quae
2063 1858 2156 1913 Dei
2187 1869 2311 1914 sunt
2333 1859 2625 1928 vindicare,
2657 1877 2776 1932 quae
2803 1879 2933 1918 vero
2961 1865 3182 1935 propria
3209 1876 3336 1922 sunt
3361 1882 3510 1938 pim-

1909 1950 2222 2008 termittere.
2252 1952 2404 2009 Sicut
2430 1954 2574 2009 enim
2601 1968 2703 2025 ego
2727 1970 2846 2012 mea
2868 1958 3239 2028 preter-mitto,
3266 1969 3353 2014 tua
3379 1975 3512 2016 vero

1906 2045 2120 2102 vindico
2144 2065 2158 2103 :
2181 2045 2260 2102 sic
2287 2055 2340 2102 et
2367 2055 2425 2102 tu
2453 2063 2571 2103 mea
2599 2049 2833 2113 vindica,
2863 2060 2950 2105 tua
2982 2066 3112 2106 vero
3135 2053 3508 2122 praetermitto.

1907 2137 2106 2194 Verum
2151 2141 2370 2211 arrigite
2398 2141 2530 2196 mihi
2557 2157 2718 2198 aures
2755 2153 2963 2199 vestras
2993 2161 3006 2198 :
3035 2144 3125 2200 ubi
3155 2146 3298 2200 enim
3328 2156 3509 2202 certa-

1905 2233 2108 2286 minum
2135 2241 2348 2303 tempus
2373 2241 2490 2300 est,
2521 2233 2853 2292 auditoribus
2879 2245 2964 2292 est
2988 2253 3123 2308 opus
3145 2279 3162 2305 ,
3191 2240 3385 2310 quibus
3411 2256 3503 2295 ar-

1905 2334 2066 2378 rectae
2094 2325 2200 2378 sint
2225 2340 2385 2380 aures
2413 2334 2468 2381 et
2494 2335 2732 2393 attentas,
2767 2335 2824 2382 ut
2852 2328 3138 2399 diligenter
3173 2332 3462 2386 advertatis
3488 2375 3507 2399 ,

1903 2425 2009 2483 quo
2051 2424 2206 2485 pacto
2251 2415 2408 2486 ligem
2433 2458 2447 2481 ,
2487 2432 2593 2486 quo
2633 2428 2790 2488 pacto
2831 2419 3034 2474 solvam
3073 2420 3506 2478 adversariorum

1903 2505 2097 2560 delicta
2122 2547 2136 2571 ,
2169 2521 2276 2576 quo
2305 2518 2460 2577 pacto
2488 2509 2660 2564 lucter
2682 2549 2697 2576 ,
2731 2526 2838 2581 quo
2868 2521 3024 2582 pacto
3051 2510 3261 2568 feriam.
3295 2513 3426 2568 Nam
3459 2516 3512 2568 si

1903 2598 1978 2653 illi
2009 2599 2098 2668 qui
2130 2599 2182 2652 in
2215 2599 2424 2653 theatro
2461 2600 2651 2656 sedent
2679 2601 2888 2658 duobus
2917 2604 3249 2662 certantibus
3273 2646 3289 2671 ,
3317 2605 3510 2660 oculos

1902 2704 2028 2745 suos
2055 2699 2108 2745 et
2132 2693 2372 2762 corporis
2399 2701 2660 2747 staturam
2684 2693 3034 2751 extendentes
3053 2737 3068 2762 ,
3099 2697 3253 2766 proni
3283 2713 3508 2768 prospe-

1900 2791 2086 2849 etant,
2119 2793 2179 2839 ut
2219 2786 2509 2840 certamina
2548 2786 2762 2841 videant
2794 2788 2975 2857 probri
3027 2789 3224 2858 plena,
3282 2799 3338 2843 ut
3379 2806 3506 2845 ecr-

1901 2879 2100 2932 tamina
2149 2880 2364 2934 videant
2401 2895 2521 2949 quae
2570 2880 2766 2936 imitari
2807 2882 3126 2950 probrosum
3173 2890 3256 2938 est
3292 2902 3305 2938 :
3337 2885 3517 2939 multo

1900 2971 2071 3040 magis
2108 2984 2205 3025 nos
2234 2978 2446 3041 oportet
2486 2972 2768 3028 audiendis
2804 2971 3096 3042 Scripturis
3128 2974 3322 3028 divinis
3349 2991 3512 3030 aures

1901 3070 2135 3117 attentas
2163 3062 2424 3132 praibere.
2459 3061 2516 3118 Si
2541 3063 2685 3118 enim
2721 3062 2908 3117 laudas
2933 3062 3188 3118 athletam
3214 3106 3229 3129 ,
3262 3080 3358 3119 cur
3398 3081 3515 3120 non

1901 3153 1966 3209 fis
2003 3154 2244 3209 athleta?
2280 3153 2362 3209 sin
2405 3163 2585 3209 autem
2615 3155 2728 3210 ﬂeri
2768 3155 3024 3211 athletam
3057 3156 3373 3226 probrosum
3401 3168 3507 3225 est,

1900 3263 1999 3303 cur
2039 3248 2261 3303 istorum
2313 3247 2498 3302 laudes
2544 3248 2808 3304 imitaris?
2846 3249 2917 3303 At
2942 3249 3212 3318 ejusmodi
3248 3266 3353 3304 non
3383 3261 3511 3304 sunt

1901 3339 1990 3395 hic
2034 3340 2360 3406 certamina,
2388 3339 2482 3395 sed
2527 3341 2831 3395 communia
2873 3340 3082 3394 cunctis
3129 3349 3184 3396 et
3217 3341 3367 3395 utilia
3394 3350 3514 3396 tum

1899 3430 2202 3487 dicentibus
2229 3473 2242 3496 ,
2279 3439 2390 3486 tum
2417 3430 2774 3486 audientibus.
2816 3431 2952 3486 Cum
2981 3432 3246 3488 haereticis
3277 3448 3509 3502 namque

1899 3523 2142 3589 decerto,
2164 3532 2224 3579 ut
2245 3533 2301 3579 et
2326 3539 2424 3579 vos
2449 3523 2679 3579 athletas
2706 3523 2957 3590 efﬁciam,
2981 3533 3169 3578 utnon
3197 3525 3357 3580 modo
3380 3525 3518 3579 dum

1897 3616 2126 3686 psallitis
2150 3658 2165 3682 ,
2198 3615 2292 3671 sed
2337 3625 2391 3672 et
2431 3615 2559 3670 dum
2604 3614 2966 3684 colloquimini
2993 3657 3010 3683 ,
3042 3615 3276 3686 linguam
3317 3631 3517 3670 eorum

1898 3707 2269 3777 compescatis.
2321 3707 2461 3776 Quid
2510 3707 2666 3777 igitur
2689 3707 2762 3760 ait
2807 3707 3099 3775 propheta?
3141 3707 3269 3764 Voce
3296 3723 3408 3762 mea
3439 3708 3514 3760 ad

1899 3799 2177 3853 Dominum
2207 3799 2423 3852 clamavi
2446 3815 2465 3853 :
2485 3815 2605 3853 voce
2639 3814 2751 3853 nica
2780 3797 2848 3850 ad
2872 3795 3037 3852 Deum
3068 3798 3368 3867 deprecatus
3393 3814 3514 3852 sum

1900 3891 1919 3956 (
1932 3889 2075 3944 Psal.
2094 3893 2211 3946 tu.
2229 3891 2312 3961 2).
2341 3890 2576 3946 Adverte
2601 3907 2613 3944 :
2640 3906 2767 3945 num
2793 3891 3146 3946 certaminum
3166 3890 3514 3946 occasionem

1899 3984 2141 4055 praebere
2182 3984 2392 4040 videtur
2414 4026 2431 4050 ,
2481 3983 2624 4054 quod
2661 3983 2860 4038 dictum
2899 3982 3020 4036 est?
3050 3981 3184 4037 Vide
3214 3997 3321 4053 quo
3350 3992 3507 4052 pacto

1898 4085 2109 4131 nectam
2130 4092 2381 4132 coronam
2399 4085 2454 4130 et
2473 4075 2825 4131 certaminum
2846 4076 3124 4130 materiam
3140 4090 3345 4144 parem.
3375 4073 3512 4129 Voce

1899 4185 2009 4223 mea
2022 4169 2089 4221 ad
2107 4168 2388 4222 Dominum
2411 4167 2625 4222 clamavi
2645 4183 2662 4221 :
2680 4183 2797 4221 vocs
2815 4181 2925 4220 mea
2945 4165 3013 4218 ad
3035 4165 3198 4219 Deum
3211 4168 3514 4234 deprecatus

1899 4242 2247 4335 sum.(lbid.).
2278 4260 2375 4315 llic
2401 4268 2456 4314 tu
2482 4259 2613 4314 mihi
2646 4259 2954 4314 litereticum
2987 4273 3148 4325 voca',
3180 4258 3294 4312 sive
3330 4257 3514 4323 adsit,

1899 4357 2013 4410 sive
2034 4371 2137 4409 non
2153 4354 2310 4409 adsit.
2334 4355 2388 4410 Si
2411 4352 2553 4410 enim
2571 4354 2730 4420 adsit,
2753 4369 2784 4409 a
2802 4368 2934 4410 voce
2955 4362 3133 4409 nostra
3153 4353 3438 4418 doceatur;
3461 4355 3514 4406 si.

1898 4461 2026 4500 vero
2045 4461 2152 4501 non
2173 4445 2332 4510 adsit,
2351 4459 2379 4498 a
2402 4445 2680 4516 vobis,_qui
2703 4444 2998 4510 audieritis,
3018 4444 3209 4500 discat.
3231 4444 3335 4500 Sed
3358 4444 3509 4515 quod

1900 4538 2166 4603 dicebam,
2191 4553 2299 4593 non
2326 4553 2626 4608 persequor
2647 4538 2820 4608 ipsum
2844 4547 3184 4606 prarsentem,
3209 4536 3305 4591 sed
3328 4536 3512 4605 ipsum

1900 4631 2113 4700 excipio
2152 4630 2620 4701 persequutionem
2661 4644 2873 4700 passum
2899 4671 2912 4694 ,
2945 4644 3054 4683 non
3102 4643 3131 4682 a
3174 4644 3260 4682 me
3289 4668 3304 4693 ,
3341 4627 3434 4682 sed
3475 4644 3514 4682 ει

1900 4723 2113 4793 propria
2139 4723 2467 4777 conscientia
2495 4764 2511 4790 ,
2537 4722 2686 4792 juxta
2717 4737 2840 4778 eum
2879 4720 2971 4792 qui
3017 4720 3156 4775 dixit
3183 4739 3196 4775 :
3229 4719 3386 4791 Fugit
3413 4720 3509 4772 im-

1901 4817 2014 4884 pius
2041 4815 2238 4869 nemine
2263 4824 2588 4886 persequente
2616 4813 2801 4886 (Prov.
2829 4815 2919 4870 28.
2958 4813 3032 4886 l).
3063 4814 3234 4868 Mater
3261 4822 3344 4868 est
3371 4811 3512 4866 lilio-

1899 4924 2018 4964 rum
2047 4925 2266 4965 suorum
2305 4910 2584 4977 Ecclesia,
2617 4926 2737 4981 qua:
2764 4918 2821 4965 et
2849 4909 2980 4964 istos
3006 4907 3206 4979 excipit
3229 4950 3244 4976 ,
3278 4917 3335 4964 et
3380 4923 3505 4977 per-

1899 5002 2099 5071 egrinis
2126 5003 2301 5057 sinum
2328 5004 2602 5073 expandit.
2631 5003 2934 5059 Commune
2958 5003 3226 5058 theatrum
3246 5011 3362 5057 erat
3383 5016 3516 5056 arca

1898 5092 2012 5150 Noe
2033 5136 2046 5160 ,
2081 5096 2174 5151 sed
2216 5095 2454 5151 Ecclesia
2485 5096 2673 5150 melior
2700 5105 2785 5149 est
2827 5097 2988 5150 etiam
3015 5109 3174 5165 quam
3203 5096 3324 5149 ista.
3373 5093 3517 5147 Nam

1900 5193 2054 5248 bruta
2084 5190 2298 5260 quidem
2337 5186 2588 5241 animalia
2629 5186 2717 5240 illa
2759 5185 3092 5256 recipiebat,
3119 5193 3174 5240 et
3199 5184 3352 5238 bruta
3379 5197 3508 5236 con-

1901 5283 2151 5340 servabat
2182 5299 2194 5335 :
2223 5280 2340 5334 hmc
2379 5289 2559 5333 autem
2598 5277 2755 5332 bruta
2798 5277 3025 5346 recipit,
3073 5284 3129 5331 et
3159 5282 3505 5330 transmutat.

1903 5373 2144 5443 Exempli
2171 5373 2358 5443 gratia,
2389 5371 2434 5425 si
2461 5369 2742 5424 intraverit
2767 5369 2954 5438 vulpes
2979 5367 3263 5422 haereticus
3280 5405 3297 5431 ,
3324 5365 3507 5432 ipsum

1902 5482 2059 5523 ovem
2080 5465 2289 5530 efficio;
2319 5464 2362 5518 si
2387 5462 2664 5518 intraverit
2687 5463 2867 5532 lupus,
2893 5461 3067 5530 ipsum
3090 5473 3286 5530 agnum
3305 5456 3507 5523 cilicio,

1903 5567 2161 5634 quantum
2188 5557 2239 5612 in
2263 5571 2349 5611 me
2372 5556 2533 5611 situm
2551 5561 2643 5610 est
2661 5552 2774 5628 (a);
2801 5552 2882 5607 sin
2909 5562 3087 5606 autem
3115 5547 3368 5613 noluerit,
3397 5562 3514 5600 non

1969 5675 2043 5739 (α)
2077 5683 2188 5725 Haec
2207 5671 2376 5726 confer
2400 5683 2512 5739 cum
2529 5669 2652 5722 orat.
2675 5675 2690 5719 t
2713 5668 2777 5720 de
2797 5665 3035 5718 laudibus
3057 5661 3187 5714 Pauli
3213 5669 3264 5712 et
3287 5672 3398 5712 cum
3418 5664 3518 5706 vus

1907 5734 2281 5790 de‘t‘irnitcntia
2305 5747 2448 5784 num.
2468 5734 2512 5781 ι.
