4084 6430
588 315 698 373 703

589 432 646 486 id
683 430 810 484 vitio
836 443 955 483 meo
981 427 1038 482 fit
1059 469 1076 494 ,
1109 425 1204 484 sed
1232 440 1299 482 ex
1329 425 1492 497 ipsius
1522 421 1894 492 improbitate,
1925 416 2165 488 quando-

587 521 805 594 quidem
847 520 1088 576 Christus
1129 520 1287 574 etiam
1331 517 1610 572 duodecim
1646 512 1936 582 discipulos
1962 511 2164 578 habuit,

585 623 644 668 et
669 626 806 668 unus
829 610 998 666 factus
1020 621 1102 666 est
1131 611 1388 681 proditor,
1419 620 1603 662 verum
1631 620 1736 660 non
1758 618 1791 659 a
1810 603 2044 668 Christo,
2071 602 2166 658 sed

584 705 654 757 ab
683 702 862 757 animo
901 716 1002 756 suo
1043 702 1226 756 vitiato
1253 715 1267 753 :
1294 697 1720 770 quandoquidem
1749 701 1806 750 et
1833 694 2054 750 Eliszeus
2080 692 2165 748 di-

583 791 848 863 scipulum
871 790 1055 847 habuit
1075 804 1292 845 avarum
1325 787 1401 857 (4.
1435 786 1562 856 Reg.
1591 786 1671 858 5),
1697 793 1753 839 at
1780 800 1886 839 non
1907 784 1975 839 ab
1999 783 2166 839 imbe-

587 884 809 938 cillitate
830 883 1085 946 doctoris,
1108 880 1200 935 sed
1224 895 1255 933 a
1271 878 1515 946 discipuli
1539 876 1881 946 negligentia.
1903 873 2162 944 Equidem

582 975 789 1029 semina
829 974 1009 1044 jacio:
1039 972 1084 1026 si
1113 981 1254 1026 terra
1293 970 1368 1024 sis
1397 967 1604 1038 pinguis
1639 981 1820 1021 semen
1861 963 2160 1033 excipiens,

581 1067 743 1120 etiam
771 1072 1007 1134 segetem
1050 1061 1265 1127 reddis;
1315 1059 1398 1116 sin
1435 1067 1611 1113 autem
1656 1065 1800 1127 petra
1827 1054 1902 1110 sis
1929 1053 2158 1118 sterilis,

585 1157 730 1212 nullo
749 1169 872 1210 meo
889 1155 1020 1209 vitio
1044 1153 1095 1208 id
1121 1152 1180 1206 fit
1204 1169 1218 1205 :
1240 1151 1352 1206 sive
1370 1148 1622 1214 audieris,
1646 1148 1757 1202 sive
1779 1160 1884 1200 non
1904 1143 2156 1210 audieris,

582 1248 860 1319 spirituale
885 1246 979 1302 tibi
1003 1259 1219 1301 cannea
1247 1243 1493 1298 occinere
1514 1284 1529 1306 ,
1551 1240 1771 1293 vulnera
1797 1238 2036 1307 mitigare
2052 1252 2158 1291 non

579 1339 818 1393 desinam
839 1380 855 1405 ,
885 1351 953 1392 ne
979 1337 1032 1390 in
1060 1335 1148 1390 illo
1171 1333 1261 1389 die
1285 1331 1494 1388 audiam
1516 1372 1532 1397 ,
1564 1328 1719 1385 Serve
1742 1329 1874 1380 male
1892 1368 1907 1391 ,
1937 1325 2159 1395 opertuit

579 1438 627 1482 te
656 1431 961 1483 committere
993 1427 1257 1496 pecuniam
1293 1439 1455 1476 meam
1491 1420 1790 1474 numutariis
1831 1416 2040 1491 (Matth.
2061 1414 2154 1472 25.

575 1519 648 1575 26
668 1522 709 1591 ).
753 1519 886 1574 Voce
927 1535 1036 1572 mea
1071 1517 1138 1569 ad
1183 1515 1455 1568 Dominum
1481 1511 1694 1565 clamaui
1719 1526 1740 1575 ;
1785 1525 1902 1563 uoce
1941 1523 2050 1562 mea
2090 1507 2160 1561 ad

576 1611 744 1666 Deum
775 1613 1066 1680 deprecatus
1093 1623 1205 1661 sum
1228 1604 1398 1676 (Psal.
1431 1603 1552 1658 1M.
1571 1599 1653 1672 2).

647 1702 702 1756 3.
743 1699 929 1756 Contra
949 1697 1213 1752 Anommos
1243 1696 1380 1768 agit;
1408 1711 1440 1747 a
1467 1690 1747 1761 Scripturis
1773 1699 1944 1758 petunt
1972 1687 2157 1742 erroris

573 1807 752 1845 ansam
785 1787 1024 1845 heretici.
1063 1816 1136 1828 --
1158 1785 1295 1854 Quid
1333 1773 1411 1838 ais
1434 1823 1450 1847 ,
1492 1779 1783 1836 haeretica?
1819 1779 1887 1833 ds
1910 1791 2155 1848 quonam

575 1886 704 1940 dicit
727 1883 840 1936 haec
863 1879 1137 1951 propheta,
1160 1887 1213 1933 et
1228 1892 1385 1947 quem
1406 1873 1685 1929 Dominum
1709 1886 1772 1926 ac
1786 1871 1952 1926 Deum
1974 1867 2155 1940 appet.

572 1974 679 2029 lat?
720 1974 788 2028 de
817 1985 918 2026 una
939 1971 1081 2026 enim
1112 1982 1337 2038 persona
1367 1965 1428 2019 fit
1451 1978 1647 2020 sermo.
1697 1962 1774 2017 Illi
1812 1961 2070 2032 siquidem
2098 1961 2152 2014 in

571 2078 726 2118 suum
751 2069 910 2133 caput
936 2061 1236 2130 Scripturas
1260 2056 1622 2112 adulterantes
1643 2094 1660 2118 ,
1691 2068 1756 2108 ac
1780 2059 2037 2124 perpetuo
2062 2065 2152 2106 ar-

569 2161 821 2223 gumenta
843 2151 1100 2206 adversus
1125 2149 1346 2204 salutem
1369 2161 1517 2201 suam
1539 2144 1925 2215 perquirentes,
1954 2144 2005 2197 in
2025 2157 2151 2213 per-

569 2243 785 2298 ditionis
812 2240 1117 2297 barathrum
1143 2238 1345 2307 seipsos
1372 2235 1658 2290 detrudere
1682 2248 1744 2293 se.
1778 2248 1883 2289 non
1913 2232 2152 2287 animad-

568 2343 799 2390 vertunt.
829 2334 1019 2388 Filium
1046 2331 1187 2386 enim
1211 2328 1304 2385 Dei
1335 2341 1510 2398 neque
1532 2326 1622 2397 qui
1649 2324 1845 2389 laudat,
1871 2324 2148 2379 clariorem

570 2426 773 2488 efﬁcit;
802 2439 974 2493 neque
1002 2423 1092 2493 qui
1130 2419 1472 2490 blasphemiis
1498 2427 1552 2473 et
1576 2416 1914 2471 contumeliis
1941 2413 2104 2469 afficit
2131 2455 2148 2480 ,

570 2518 716 2573 laedit
744 2534 757 2571 :
785 2534 892 2572 nun
919 2517 1061 2571 enim
1085 2513 1286 2583 indiget
1310 2510 1466 2566 laude
1488 2518 1670 2565 nostra
1691 2519 1880 2564 natura
1901 2507 2151 2575 incorpo-

569 2624 689 2674 rea;
713 2607 810 2664 sed
829 2603 1277 2678 quemadmodum
1297 2603 1342 2657 is
1361 2601 1448 2670 qui
1463 2598 1796 2671 splendidum
1812 2598 1980 2653 solem
1997 2596 2147 2663 dicit,

571 2703 742 2756 lucem
767 2701 841 2755 illi
861 2714 966 2755 non
991 2697 1158 2764 addit,
1181 2711 1355 2765 neque
1381 2694 1469 2764 qui
1493 2692 1621 2748 dicit
1647 2691 2003 2757 tenebrosum,
2025 2691 2152 2748 sub-

571 2791 821 2846 stantiam
842 2790 956 2859 ejus
978 2787 1263 2851 imminuit,
1286 2783 1378 2839 sed
1401 2783 1629 2855 propriae
1649 2782 1902 2852 czecitatis
1923 2781 2150 2837 indicem

574 2880 774 2950 profert
815 2879 1129 2935 sententiam
1169 2893 1184 2928 :
1225 2875 1311 2930 ita;
1333 2875 1424 2944 qui
1463 2873 1654 2928 Filium
1695 2872 1788 2928 Dei
1825 2872 2017 2927 Filium
2044 2887 2150 2926 non

571 2972 720 3038 dicit,
744 2979 798 3025 at
826 2977 1147 3029 creaturam,
1171 2965 1392 3019 insania:
1421 2978 1530 3018 sua:
1551 2962 1725 3032 prodit
1749 2971 2147 3032 argumentum;

571 3063 661 3132 qui
687 3077 814 3117 vero
843 3059 1189 3116 substantiam
1214 3055 1332 3126 ejus
1357 3053 1619 3125 agnoscit,
1646 3052 1970 3123 probitatem
2001 3067 2151 3108 suam

573 3152 842 3217 ostendit;
873 3160 926 3206 et
965 3164 1064 3205 nec
1107 3149 1208 3204 iste
1245 3145 1519 3201 beneflciis
1551 3143 1724 3215 ipsum
1753 3144 2021 3210 cumulat,
2053 3158 2155 3199 nec

576 3247 666 3301 ille
694 3245 978 3315 quidquam
1007 3244 1178 3311 ipsum
1204 3239 1371 3307 laedit,
1400 3238 1493 3294 sed
1518 3237 1605 3294 hic
1621 3236 1839 3308 quidem
1868 3251 1965 3308 pro
1985 3237 2154 3291 salute

573 3355 694 3402 sua,
718 3337 805 3391 ille
831 3351 957 3391 vero
978 3335 1232 3388 adversus
1259 3333 1482 3387 salutem
1504 3346 1653 3385 suam
1673 3331 1907 3385 dimicat.
1935 3329 2151 3394 Verum,

577 3445 633 3486 ut
684 3430 963 3496 dicebam,
1007 3426 1308 3496 Scripturas
1351 3422 1745 3487 adulterantes,
1795 3422 1898 3476 alia
1936 3421 2152 3492 quidem

577 3521 972 3593 prmtervolant,
1004 3525 1248 3589 quaerunt
1273 3526 1472 3581 autem,
1503 3528 1628 3568 num
1653 3513 1844 3568 alicubi
1873 3527 2153 3582 argumen-

578 3625 689 3669 tum
712 3611 923 3682 aliquod
943 3609 1232 3673 offendant,
1253 3606 1393 3678 quod
1419 3607 1651 3676 ipsorum
1673 3605 1859 3659 morbo
1878 3603 2152 3676 suffragari

575 3721 640 3763 ac
679 3707 857 3760 favere
894 3702 1155 3757 videatur.
1201 3699 1383 3768 Neque
1420 3698 1548 3752 mihi
1588 3706 1642 3751 tu
1671 3697 1869 3751 dixeris
1905 3697 1959 3751 in
1994 3711 2152 3750 causa

573 3813 692 3852 esse
721 3797 1048 3866 Scripturam
1075 3811 1089 3849 :
1113 3807 1218 3848 non
1243 3793 1536 3861 Scriptura,
1561 3790 1656 3844 sed
1674 3789 1916 3861 ipsorum
1948 3789 2152 3857 impro-

576 3889 714 3942 bitas
739 3897 821 3941 est
849 3887 902 3939 in
931 3899 1092 3939 causa
1123 3900 1136 3936 :
1166 3881 1589 3953 quandoquidem
1621 3880 1724 3934 mel
1761 3893 1970 3949 quoque
2000 3879 2155 3934 dulce

572 3991 674 4047 est,
702 3989 755 4033 at
781 3979 872 4050 qui
893 3992 1035 4047 aeger
1057 3985 1158 4038 est,
1183 3975 1432 4029 acerbum
1461 3972 1590 4026 illud
1618 3971 1936 4036 arbitratur;
1968 3987 2152 4025 verum

575 4086 681 4126 non
708 4070 882 4123 mellis
909 4067 1065 4136 culpa
1086 4108 1101 4131 ,
1129 4064 1223 4128 sed
1250 4063 1572 4118 infirmitatis
1599 4071 1682 4117 est
1706 4063 1925 4116 crimen.
1960 4062 2033 4115 lta
2065 4061 2153 4131 qui

572 4163 756 4218 furiosi
778 4170 916 4226 sunt,
942 4175 1061 4231 quas
1083 4158 1349 4223 videntur,
1369 4171 1474 4210 non
1491 4163 1749 4218 cernunt;
1769 4162 1822 4207 at
1836 4168 2020 4208 eorum
2035 4168 2154 4222 qua:

572 4253 817 4307 videntur
842 4247 994 4319 culpa
1022 4265 1126 4303 non
1155 4257 1256 4313 est,
1280 4249 1374 4302 sed
1398 4245 1592 4301 mentis
1621 4245 1817 4298 vitiata:
1845 4243 2026 4298 furiosi
2055 4243 2150 4298 bo-

575 4346 749 4399 minis.
767 4343 968 4397 Caelum
997 4343 1134 4396 Deus
1158 4340 1376 4404 creavit,
1395 4348 1452 4391 ut
1477 4353 1610 4405 opus
1638 4337 2079 4405 contemplemur,
2101 4345 2156 4390 et

572 4439 813 4509 upiflcem
841 4436 1124 4491 adoremus
1144 4475 1158 4499 ,
1189 4442 1244 4486 at
1266 4433 1489 4502 gentiles
1518 4445 1652 4500 opus
1678 4431 1840 4484 Deum
1870 4432 2152 4494 fecerunt;

571 4545 755 4583 verum
780 4545 880 4582 non
905 4542 1058 4596 opus,
1085 4526 1177 4580 sed
1205 4526 1414 4579 illorum
1439 4523 1746 4592 improbitas
1773 4532 1852 4577 est
1875 4525 1928 4576 in
1955 4537 2112 4576 causa
2136 4539 2151 4576 :

573 4631 627 4676 ct
669 4617 1116 4690 quemadmodum
1167 4617 1439 4684 improbus
1470 4629 1498 4667 a
1541 4614 1753 4668 nemine
1793 4613 2044 4682 juvatur,
2083 4613 2155 4667 ita

573 4711 771 4781 probus
800 4724 828 4760 a
857 4723 916 4762 se
943 4709 1055 4776 ipso
1085 4706 1241 4761 etiam
1265 4705 1500 4774 juvatur.
1529 4703 1664 4769 Quid
1691 4703 1900 4758 Christo
1923 4704 2059 4774 par?
2101 4712 2157 4757 at

573 4803 642 4858 ab
671 4817 736 4856 eo
774 4815 876 4854 non
907 4799 1117 4869 adjutus
1147 4806 1228 4851 est
1252 4796 1434 4852 Judas.
1483 4795 1618 4874 Quid
1649 4795 1858 4849 diabolo
1889 4795 2156 4864 nequius?

573 4905 627 4949 at
651 4894 751 4949 Job
775 4906 970 4947 corona
997 4891 1274 4945 redimitus
1294 4898 1406 4952 cst;
1438 4898 1492 4943 et
1514 4903 1686 4958 neque
1703 4887 1890 4942 Judam
1913 4887 2156 4942 Christus

574 4987 808 5057 adjuvit,
840 4985 961 5055 quia
1001 4986 1047 5038 is
1086 4995 1199 5038 erat
1236 4981 1543 5052 improbus,
1573 4994 1745 5050 neque
1777 4979 1878 5034 Job
1913 4979 2157 5035 diabolus

576 5080 773 5143 nocuit,
805 5079 925 5148 quia
954 5076 1040 5130 hic
1068 5075 1263 5145 probus
1292 5083 1424 5128 erat.
1457 5072 1581 5128 llmc
1605 5087 1705 5139 ego
1731 5071 1877 5137 dico,
1915 5081 1969 5126 ut
1996 5086 2156 5126 nemo

573 5175 878 5242 Scripturas
905 5177 1136 5233 accuset,
1163 5167 1255 5222 sed
1282 5181 1464 5222 eorum
1491 5164 1879 5233 Improbitatem
1896 5206 1911 5233 ,
1940 5165 2028 5234 qui
2058 5179 2118 5219 ea
2135 5205 2152 5228 ,

571 5281 689 5337 qum
730 5273 873 5319 recte
913 5261 1051 5336 dicta
1089 5268 1248 5322 sunt,
1282 5259 1420 5312 male
1455 5257 1889 5326 interpretantur.
1931 5256 2062 5311 Nam
2100 5266 2155 5312 et

571 5357 815 5413 diabolus
843 5370 906 5408 ex
937 5352 1223 5421 Scripturis
1252 5365 1372 5404 eum
1400 5349 1613 5405 Christo
1639 5350 1958 5419 disputabat.

636 5444 777 5499 Nam
807 5446 885 5498 lia:
909 5460 1070 5507 voces,
1092 5443 1234 5497 Deus
1253 5451 1306 5495 et
1326 5441 1602 5505 Dominus,
1632 5439 1780 5494 Patri
1809 5450 1853 5493 et
1875 5440 2010 5494 Filio
2038 5457 2156 5510 pro-

573 5537 697 5606 pria:
725 5535 858 5598 sint;
899 5550 1078 5586 nomen
1107 5531 1364 5585 Dominus
1385 5546 1482 5582 non
1518 5539 1588 5582 est
1617 5530 1780 5582 minus
1805 5546 1952 5599 quam
1975 5547 2155 5584 nomen

577 5623 1005 5694 Deus—Atqui
1057 5638 1158 5678 non
1200 5632 1281 5677 est
1329 5621 1379 5674 in
1423 5635 1580 5675 causa
1624 5617 1915 5688 Scriptura,
1954 5621 2046 5677 sed
2091 5636 2154 5676 ea

575 5729 746 5776 mens.
770 5731 884 5789 qum
914 5725 1058 5771 recte
1085 5715 1220 5769 dicta
1249 5712 1385 5768 male
1413 5713 1811 5783 interpretatur.
1849 5713 1980 5767 Dum
2009 5712 2150 5768 enim

1303 311 1361 369 S.
1401 307 1679 368 JOANNIS
1714 302 2190 364 CHRYSOSTOMI
2229 307 2545 374 ARCHIEP.
2574 317 3112 378 CONSTANTINOP.

3767 319 3874 376 7οι

2277 424 2470 485 Filium
2502 435 2657 488 Patre
2689 435 2948 487 minorem
3002 446 3123 486 esse
3161 430 3342 483 volunt
3362 427 3673 494 ostendere,
3705 429 3873 487 inust-

2270 529 2378 576 tata
2407 525 2621 579 nomina
2646 527 2855 582 curiose
2883 525 3254 594 perquirentes
3282 524 3622 578 circumeunt
3646 565 3663 591 ,
3690 522 3870 594 deque

2267 614 2445 670 verbis
2485 617 2590 671 illis
2630 615 2809 689 (Deus
2835 624 2890 672 et
2917 613 3211 684 Dominus)
3235 612 3414 681 aiunt,
3445 613 3616 675 Deum
3647 613 3869 669 Panem

2267 717 2406 768 esse,
2437 705 2628 761 Filium
2671 705 2975 771 Dominum,
3002 714 3058 760 et
3097 704 3313 758 nomina
3345 703 3590 757 dividunt
3624 720 3639 756 :
3670 714 3868 758 vocem

2265 792 2480 862 quidem
2508 794 2644 849 Deus
2671 793 2835 861 Patri,
2863 808 3048 849 vocem
3091 803 3269 846 autem
3315 790 3567 846 Dominus
3601 791 3744 847 Filio
3767 794 3867 846 tri-
3939 790 3944 793 ’

2265 881 2453 946 buunt,
2487 893 2544 937 ut
2569 884 2659 954 qui
2685 883 2897 939 deitatis
2922 880 3300 936 distributores
3326 881 3432 935 sint
3451 922 3466 946 ,
3503 890 3558 934 et
3588 889 3868 951 tamquam

2267 972 2574 1028 hereditatis
2611 973 2894 1028 divisores.
2925 971 3198 1041 Scriptura
3233 969 3371 1024 Filio
3407 968 3538 1024 dicit
3565 967 3870 1022 Dominus?

2263 1064 2352 1118 ain
2379 1073 2455 1130 tu,
2488 1066 2601 1120 lucc
2623 1065 2784 1119 dicit?
2829 1063 3092 1134 Numquid
3129 1061 3390 1133 psalmum
3420 1076 3528 1115 non
3561 1059 3769 1116 audisti
3798 1061 3866 1116 ad

2263 1168 2422 1208 unam
2453 1170 2734 1224 personam
2759 1154 2916 1210 hodie
2944 1155 3210 1210 dicentem
3242 1169 3260 1208 :
3297 1150 3430 1206 Voce
3452 1168 3562 1205 mea
3580 1152 3655 1206 ad
3675 1152 3865 1205 Domi-

2261 1261 2385 1299 num
2403 1246 2614 1300 clamavi
2635 1262 2654 1302 :
2675 1264 2792 1302 uoce
2810 1263 2920 1301 mea
2935 1247 3011 1300 ad
3029 1244 3198 1300 Deum
3218 1245 3516 1315 deprecatus
3533 1261 3652 1299 uini
3679 1244 3861 1315 (Psal.

2262 1336 2488 1408 “1.2)?
2517 1329 2698 1408 itaque
2721 1348 2776 1394 et
2805 1338 3085 1394 Dominum
3114 1345 3168 1392 et
3199 1335 3368 1393 Deum
3393 1337 3562 1404 ipsum
3590 1337 3857 1406 appellat.

2262 1423 2449 1480 Utrum
2482 1426 2644 1482 Deum
2674 1443 2794 1483 esse
2817 1429 2896 1482 vis
2924 1427 3138 1492 Filium,
3170 1440 3239 1479 an
3268 1425 3518 1480 Patrem?
3560 1426 3731 1482 Plane
3759 1427 3864 1481 Pa-

2261 1525 2396 1572 trem
2424 1517 2571 1573 dices
2597 1519 2710 1573 limc
2738 1521 2951 1574 nomina
2990 1519 3242 1572 indicare.
3285 1517 3448 1588 Igitur
3483 1519 3624 1573 Deus
3649 1527 3736 1574 est
3767 1519 3860 1574 Fi-

2260 1606 2362 1662 lius
2394 1617 2449 1662 et
2481 1607 2736 1663 Dominus
2773 1608 2947 1664 Pater.
2989 1607 3126 1674 Quid
3150 1622 3280 1678 ergo
3308 1609 3522 1662 nomina
3552 1609 3770 1674 dividis,
3803 1619 3859 1664 et

2260 1696 2362 1753 hoc
2395 1698 2611 1768 quidem
2650 1698 2760 1755 illic
2795 1700 3000 1770 adjicis,
3029 1699 3156 1754 illud
3181 1708 3361 1754 autem
3391 1699 3478 1755 hic
3502 1699 3744 1756 dividis?
3788 1703 3858 1756 Et

2258 1802 2386 1843 vero
2431 1788 2629 1844 Paulus
2665 1790 2740 1843 ait
2777 1789 2997 1860 (utinam
3029 1789 3250 1844 Paulum
3287 1788 3520 1856 audires,
3562 1799 3618 1844 et
3660 1790 3856 1844 beatus

2257 1879 2428 1949 esses)
2459 1897 2473 1933 :
2507 1878 2670 1934 Nobis
2688 1890 2854 1935 tamen
2883 1895 3012 1934 unus
3039 1878 3176 1934 Deus
3209 1877 3385 1944 Pater,
3415 1896 3477 1934 es
3501 1895 3600 1950 quo
3629 1882 3806 1934 omnia
3833 1897 3854 1936 :

2258 1977 2304 2023 et
2327 1984 2458 2023 unus
2499 1967 2750 2027 Dominus
2787 1969 2938 2025 Jesus
2981 1970 3240 2036 Christus,
3277 1985 3367 2040 per
3392 1986 3537 2038 quem
3566 1971 3744 2025 omnia
3771 1971 3850 2042 (l.

2256 2058 2375 2115 Cor.
2401 2059 2455 2114 8.
2479 2059 2557 2132 6).
2607 2060 2780 2116 Unum
2819 2059 3011 2116 Filium
3038 2062 3205 2117 Deum
3237 2059 3482 2114 vocavit?
3519 2059 3648 2129 quid
3673 2076 3807 2130 ergo
3829 2062 3855 2114 ?

2257 2150 2560 2205 Dominum.
2600 2149 2708 2206 Cur
2738 2149 3464 2224 enim,qua:so,splendidius
3515 2159 3600 2205 est
3649 2166 3850 2206 nomen

2257 2241 2418 2307 Deus,
2469 2257 2628 2312 quam
2676 2241 2953 2308 Dominus,
3002 2249 3095 2296 aut
3149 2242 3408 2296 Dominus
3455 2242 3633 2296 minus
3683 2258 3848 2312 quam

2254 2336 2430 2392 Deus?
2477 2336 2783 2409 Attendite,
2821 2335 3078 2402 obsecro,
3104 2334 3402 2404 diligenter.
3436 2333 3494 2389 Si
3520 2348 3651 2403 ergo
3682 2350 3850 2389 unum

2255 2441 2375 2482 esse
2420 2428 2532 2495 illa,
2579 2428 2834 2482 Dominus
2878 2436 2933 2482 et
2978 2427 3138 2491 Deus,
3169 2425 3472 2489 ostendero,
3504 2425 3627 2495 quid
3655 2425 3854 2480 dices?

2253 2517 2459 2574 Nomen
2482 2520 2618 2574 Deus
2637 2519 2807 2588 majus
2835 2533 2957 2573 esse
2974 2519 3129 2584 dicis,
3151 2518 3410 2577 Dominus
3428 2526 3604 2572 autem
3631 2518 3854 2572 minus?

2257 2609 2395 2663 Audi
2420 2609 2731 2680 prophetam
2753 2609 3017 2664 dicentem
3042 2625 3056 2661 :
3083 2607 3107 2660 Ι
3113 2619 3186 2662 ste
3211 2607 3478 2671 Dominus,
3499 2609 3587 2676 qui
3610 2609 3729 2677 fecit
3748 2624 3852 2661 αε-

2256 2699 2360 2753 lum
2388 2714 2408 2752 :
2435 2700 2530 2752 iste
2571 2698 2708 2752 Deus
2733 2738 2748 2764 ,
2791 2697 2877 2769 qui
2914 2707 3097 2752 terram
3143 2697 3369 2750 condidit
3409 2695 3571 2768 (Isai.
3610 2698 3703 2752 45.
3735 2697 3850 2767 18).

2257 2790 2513 2845 Dominus
2538 2789 2724 2844 cazlnm
2745 2830 2760 2854 ,
2791 2795 2848 2843 et
2873 2788 3015 2843 Deus
3042 2796 3259 2842 terram.
3293 2785 3388 2841 Hic
3419 2787 3470 2840 in
3497 2787 3690 2840 eadem
3722 2803 3851 2857 per-

2256 2896 2386 2936 sona
2423 2890 2479 2936 et
2520 2895 2714 2935 nomen
2760 2880 3051 2945 Dominus,
3081 2888 3135 2934 et
3159 2893 3355 2933 nomen
3386 2878 3527 2932 Deus
3553 2879 3753 2947 posuit.
3785 2879 3855 2934 Et

2256 2986 2462 3037 rursus,
2482 2969 2618 3023 Audi
2638 2967 2824 3032 Israel,
2847 2967 3092 3021 Dominus
3121 2966 3259 3020 Deus
3288 2977 3402 3021 tuus
3427 2965 3683 3020 Dominus
3713 2983 3850 3021 unus

2256 3071 2330 3116 est
2358 3059 2535 3131 (Deut.
2561 3060 2614 3115 6.
2645 3060 2721 3130 ι).
2749 3059 2836 3112 Bis
2863 3058 3137 3124 Dominus,
3167 3065 3220 3112 et
3247 3058 3410 3112 semel
3439 3059 3578 3111 Deus
3605 3075 3619 3110 :
3651 3073 3717 3113 ac
3741 3061 3854 3128 pri-

2258 3168 2403 3207 mum
2434 3151 2720 3215 Dominus,
2755 3157 2810 3204 et
2837 3148 3029 3204 deinde
3058 3149 3217 3212 Deus,
3251 3160 3306 3203 et
3333 3161 3519 3202 rursus
3543 3148 3803 3203 Dominus
3834 3167 3849 3179 -

2258 3246 2399 3317 quod
2427 3247 2472 3299 si
2501 3245 2606 3299 hoc
2627 3243 2863 3299 deterius
2889 3251 3052 3308 esset,
3075 3241 3202 3297 illud
3224 3253 3400 3295 autem
3428 3241 3620 3310 majus,
3642 3256 3750 3295 non
3781 3233 3854 3295 de

2257 3353 2446 3408 magna
2485 3338 2776 3391 substantia
2802 3379 2816 3402 ,
2859 3335 3152 3405 majorique
3190 3335 3501 3389 vocabulum
3542 3334 3722 3388 minus
3745 3348 3854 3404 po-

2257 3433 2452 3493 suisset
2479 3431 2730 3501 primum,
2766 3428 2860 3484 sed
2907 3428 3094 3497 majori
3133 3427 3277 3481 dicto
3314 3434 3595 3482 contentus
3637 3425 3852 3492 fuisset,

2261 3531 2433 3590 neque
2459 3521 2632 3573 minus
2656 3519 3008 3573 attribuisset.
3052 3517 3186 3571 Num
3229 3531 3290 3570 ea
3316 3555 3330 3580 ,
3372 3531 3495 3586 qua:
3519 3515 3656 3581 dixi,
3687 3514 3856 3570 intel-

2260 3611 2501 3671 lexistis?
2545 3611 2736 3666 lterum
2785 3608 2990 3664 doceo:
3025 3622 3128 3662 non
3167 3608 3308 3662 enim
3347 3607 3448 3661 hoc
3483 3607 3858 3676 spectaculum

2259 3713 2344 3760 est
2385 3706 2453 3758 ad
2495 3701 2924 3768 ostentationem,
2956 3699 3049 3756 sed
3092 3700 3332 3754 doctrina
3374 3699 3441 3752 ad
3476 3699 3858 3768 eompunctio-

2260 3811 2405 3859 nom,
2435 3807 2541 3847 non
2563 3802 2618 3847 ut
2638 3793 2870 3847 inermes
2894 3792 3119 3857 abeatis,
3147 3791 3242 3845 sed
3266 3801 3323 3844 ut
3352 3791 3538 3844 armati
3559 3790 3854 3859 recedatis.

2259 3884 2465 3939 Nomen
2505 3875 2646 3939 Deus
2684 3884 2856 3952 majus
2895 3897 3016 3937 esse
3061 3882 3215 3947 dicis,
3259 3881 3526 3946 hieretice,
3573 3858 3633 3935 ef
3670 3883 3858 3938 minus

2259 3990 2378 4028 esse
2404 3989 2598 4028 nomen
2631 3973 2916 4028 Dominus?
2955 3972 3172 4027 Ostendi
3196 3972 3285 4024 tibi
3321 3972 3631 4040 prophetam
3656 3971 3856 4026 dicen-

2261 4077 2366 4119 tcm
2388 4104 2404 4128 ,
2447 4063 2696 4118 Dominus
2721 4065 2806 4133 qui
2834 4063 2948 4133 fecit
2973 4063 3171 4125 caelum,
3201 4060 3337 4114 Deus
3369 4061 3456 4130 qui
3481 4061 3707 4113 condidit
3743 4072 3856 4115 ter-

2257 4175 2387 4212 ram.
2453 4158 2690 4229 Moyscm
2725 4155 2818 4210 tibi
2861 4169 3045 4210 rursus
3092 4153 3664 4218 ostendo‘dicentem,
3717 4154 3859 4208 Audi

2258 4249 2441 4308 Israel.
2461 4247 2711 4303 Dominus
2731 4246 2869 4300 Deus
2897 4254 3011 4300 tuus
3032 4244 3281 4298 Dominus
3299 4261 3431 4298 unus
3450 4253 3540 4299 est.
3564 4243 3856 4311 Quomodo

2263 4357 2420 4406 unus,
2451 4341 2497 4396 si
2521 4340 2629 4395 duo
2659 4349 2785 4395 sunt
2811 4339 3046 4402 nomina,
3078 4337 3179 4392 hoc
3205 4337 3416 4407 quidem
3444 4338 3682 4401 minoris,
3721 4340 3855 4393 illud

2257 4448 2385 4488 vero
2413 4432 2722 4488 substantia:
2747 4429 2998 4500 majoris?
3027 4429 3141 4483 Non
3162 4429 3304 4482 enim
3326 4429 3508 4498 utique
3533 4429 3706 4497 seipsa
3733 4444 3852 4482 ma-

2254 4525 2340 4595 jor
2364 4534 2418 4579 et
2446 4525 2620 4578 minor
2660 4531 2743 4578 est
2781 4523 3072 4577 substantia
3094 4563 3109 4586 ,
3133 4521 3228 4595 sed
3255 4521 3476 4591 mqualis
3501 4532 3554 4575 et
3578 4536 3850 4576 connexa.

2259 4617 2510 4672 Dominus
2528 4615 2666 4671 Deus
2693 4625 2807 4670 tuus
2832 4615 3076 4669 Dominus
3100 4632 3230 4669 unus
3259 4627 3351 4668 est.
3395 4614 3475 4668 En
3503 4615 3729 4669 ostendo
3757 4616 3854 4670 tibi

2260 4726 2454 4764 nomen
2476 4710 2730 4763 Dominus
2750 4709 2849 4762 hoc
2869 4722 2989 4763 esse
3009 4707 3170 4770 idem,
3194 4706 3335 4776 quod
3362 4707 3501 4762 Deus
3524 4725 3538 4762 :
3564 4709 3614 4760 in
3637 4723 3852 4762 summa

2259 4811 2447 4856 autem“
2471 4802 2516 4856 si
2560 4801 2816 4855 Dominus
2858 4800 3054 4862 minus,
3088 4800 3230 4853 Deus
3255 4808 3429 4852 autem
3455 4800 3645 4868 majus,
3676 4799 3854 4868 quod-

2261 4907 2381 4946 nam
2420 4893 2536 4967 ejus
2582 4886 2700 4946 esse
2742 4906 2939 4945 nomen
2984 4890 3198 4945 debuit?
3227 4890 3481 4944 Dominus
3523 4890 3732 4950 minus,
3782 4907 3854 4946 an

2261 4981 2401 5037 Deus
2440 4982 2647 5051 majus?
2689 4980 2746 5035 Si
2782 4980 2961 5034 dicat:
2992 4979 3270 5046 Quodnam
3299 4988 3383 5033 est
3405 4993 3597 5033 nomen
3624 4996 3802 5033 meum
3829 4984 3857 5033 ?

2260 5073 2385 5144 quid
2412 5074 2510 5140 ais,
2539 5072 2827 5128 hmretice?
2855 5087 2922 5125 an
2952 5086 3148 5126 nomen
3181 5071 3436 5125 Dominus
3466 5071 3618 5136 Filii,
3651 5088 3855 5129 nomen

2259 5173 2434 5219 autem
2461 5165 2600 5221 Deus
2627 5165 2798 5219 Patris
2835 5171 2917 5218 est
2951 5173 3200 5233 tanquam
3229 5163 3397 5233 magis
3428 5163 3700 5231 pr0prium
3723 5164 3749 5216 ?
3793 5164 3854 5217 Si

2262 5269 2460 5309 nomen
2505 5255 2780 5320 Dominus,
2829 5254 2968 5323 quod
3016 5263 3100 5308 est
3147 5253 3340 5316 minus,
3373 5254 3631 5308 denotare
3674 5256 3854 5322 ipsum

2259 5346 2581 5412 ostendero,
2624 5345 2748 5415 quid
2788 5345 2985 5399 facies?
3028 5343 3344 5414 Cognoscant
3383 5345 3500 5413 quia
3538 5361 3718 5397 nomen
3763 5347 3854 5397 tibi

2261 5437 2508 5493 Dominus
2537 5439 2704 5510 (Psal.
2736 5439 2826 5495 82.
2857 5437 2971 5508 l9),
2995 5438 3172 5506 inquit
3213 5435 3487 5506 propheta.
3538 5436 3672 5489 Num
3717 5439 3855 5491 dixit

2262 5529 2441 5584 Deus?
2469 5530 2699 5585 TatiietSI
2729 5545 2844 5593 cur,
2871 5529 2916 5583 si
2941 5530 3108 5595 majus
3131 5538 3210 5581 est
3236 5527 3394 5589 Deus,
3417 5542 3520 5579 non
3551 5528 3688 5580 dixit
3719 5543 3849 5596 pro-

2262 5623 2441 5693 pheta,
2471 5621 2804 5690 Cognoscant
2832 5622 2951 5689 quia
2979 5634 3172 5673 nomen
3197 5617 3287 5671 tibi
3319 5618 3487 5670 Deus:
3513 5618 3556 5670 si
3585 5619 3726 5670 enim
3749 5622 3850 5672 hoc

2262 5717 2475 5790 quidem
2517 5717 2633 5786 ejus
2673 5713 2944 5786 proprium
2975 5726 3033 5766 ac
3063 5710 3331 5782 peculiare
3363 5710 3530 5778 Deus,
3562 5709 3689 5765 illud
3717 5723 3853 5767 vero
