4084 6430
623 381 728 439 737

627 505 679 547 et
714 501 971 559 martyres
1002 505 1010 537 :
1046 483 1328 538 senectutis
1355 489 1600 548 expertes
1628 485 1675 529 et
1712 469 2034 528 immortales
2073 472 2196 518 sunt

629 583 738 649 illi,
773 555 871 634 hoc
897 589 950 632 et
981 583 1241 645 martyres
1275 569 1605 625 obtinebunt.
1635 566 1702 618 At
1731 563 2092 628 incnrporcatn
2127 555 2200 607 iili

629 645 868 725 natumut
920 667 1090 720 sortiti
1138 660 1293 717 sunt?
1341 657 1474 725 Quid
1522 665 1631 709 tum
1676 645 2204 723 postea?liecteuim

631 771 890 829 martyres
916 770 1140 824 corpore
1165 748 1500 818 circumsepti
1531 748 1657 811 sint,
1684 739 1966 798 immortali
1990 747 2162 792 tamen
2189 752 2204 788 :

629 827 958 918 quinﬁpotius
991 847 1148 900 etiam
1188 853 1311 896 ante
1341 842 1505 910 ipsam
1537 834 1983 892 itﬂlttOl‘lz-‘lilﬂlCln
2011 827 2207 883 Christi

634 956 779 994 rnors
811 952 1035 1008 corpora
1064 935 1228 988 nmlto
1258 932 1372 1002 plus
1393 973 1407 993 ,
1437 945 1592 1000 quam
1621 925 1987 982 immortalitas
2014 919 2212 975 condc-

633 1044 806 1085 curat.
838 1031 949 1084 Non
978 1031 1046 1083 ita
1077 1028 1309 1080 siderum
1340 1033 1650 1077 exornatum
1677 1023 1841 1073 choro
1871 1015 2058 1069 cadum
2091 1013 2212 1066 illn-

631 1133 742 1176 stre
763 1130 866 1184 est,
886 1136 947 1172 ac
973 1116 1242 1187 splendida
1267 1116 1541 1168 vulnerum
1570 1111 1714 1165 sanie
1738 1109 1753 1140 ¹
1777 1119 2064 1175 martyrum
2093 1117 2211 1156 eor-

634 1231 758 1282 pora
816 1219 1094 1265 exornata.
1160 1209 1340 1277 ltaque
1387 1206 1506 1275 quia
1559 1201 1956 1263 mortuisunt,
2015 1194 2211 1247 idcirco

639 1304 866 1356 maxime
910 1308 1196 1368 superant,
1235 1309 1288 1350 et
1337 1308 1459 1350 aute
1507 1291 1952 1348 immorutlitatcm
1982 1301 2010 1337 a
2043 1293 2212 1335 morte

634 1394 871 1448 CLI'Ottttll
911 1390 1125 1461 praemia
1157 1393 1512 1455 reportarunt.
1558 1381 1786 1434 Minniin
1809 1394 1918 1430 cum
1946 1374 2096 1443 paulo
2121 1371 2217 1422 nti-

637 1503 730 1538 nus
773 1484 833 1536 ab
873 1482 1100 1552 angelis;
1148 1479 1308 1549 gloria
1339 1487 1384 1528 rt
1411 1476 1600 1527 honore
1622 1469 1871 1524 coronasti
1899 1481 2013 1517 eum
2040 1460 2211 1532 (Psal.

638 1576 689 1629 8.
719 1574 797 1641 6),
818 1573 884 1627 de
911 1570 1177 1626 communi
1203 1568 1470 1620 hominum
1500 1573 1681 1616 natura
1705 1559 1871 1627 inquit
1901 1553 2096 1608 David:
2123 1549 2213 1603 sed

639 1677 692 1721 et
744 1667 845 1720 hoc
886 1663 1092 1732 paulum
1135 1657 1363 1714 reddidit
1396 1653 1638 1710 Christus
1667 1666 1784 1705 cum
1815 1645 2218 1719 advenissetxet

640 1767 866 1811 mortem
907 1749 1441 1807 morte’damnasset.
1488 1743 1682 1798 Verum
1711 1741 1811 1793 hoc
1837 1753 1933 1808 ego
1965 1735 2084 1789 inde
2112 1748 2215 1785 ltult

640 1847 932 1907 confirmo,
971 1841 1064 1898 Sed
1095 1856 1156 1893 es
1188 1854 1253 1893 eo
1286 1836 1423 1907 quod
1463 1833 1697 1888 defectus
1724 1829 1809 1883 hic
1837 1827 2021 1880 nmrtis
2051 1825 2100 1877 in
2135 1823 2216 1875 lu-

641 1953 788 1991 i-rum
831 1946 885 1990 et
923 1932 1259 1988 commodum
1288 1928 1448 1984 ce-sit
1479 1944 1492 1979 :
1522 1926 1619 1978 uisi
1649 1924 1788 1978 enim
1817 1919 2064 1973 mortales
2094 1914 2222 1967 fuis-

641 2037 801 2094 sent,
850 2037 1108 2095 martyres
1154 2022 1274 2076 facti
1320 2035 1422 2074 noa
1467 2026 1645 2072 essent
1678 2033 1690 2069 :
1722 2015 1897 2081 itaque
1941 2009 2038 2062 nisi
2080 2021 2222 2060 mors

643 2119 852 2184 fuisset,
882 2132 947 2171 ne
964 2129 1175 2168 corona:
1199 2111 1408 2182 quidem
1440 2107 1802 2160 exstitissent:
1835 2103 1876 2155 si
1907 2117 2010 2153 non
2041 2098 2224 2153 fuisset

646 2210 913 2270 interitus,
939 2205 1247 2274 martyrium
1271 2217 1374 2254 non
1404 2200 1587 2253 fuisset
1613 2214 1625 2250 :
1650 2197 1691 2250 si
1716 2209 1861 2247 mors
1884 2206 1985 2244 non
2017 2189 2219 2250 fuisset,

645 2316 752 2356 non
784 2299 1039 2369 potuisset
1079 2295 1258 2350 dicere
1297 2291 1491 2345 Paulus
1510 2332 1524 2351 ,
1559 2286 1789 2352 Quotidie
1817 2283 2001 2335 morior
2026 2296 2113 2348 per
2141 2294 2222 2330 rc-

647 2366 800 2444 strmn
838 2388 1084 2459 gloriam,
1120 2400 1266 2454 quant
1304 2381 1458 2432 Itabco
1501 2381 1551 2430 in
1598 2376 1793 2430 Christo
1831 2372 1953 2425 Jesu
1995 2370 2068 2438 (ι.
2100 2366 2220 2420 Cor.

653 2482 741 2535 15.
772 2478 862 2547 51)
894 2499 907 2531 :
933 2477 1030 2530 nisi
1059 2489 1202 2528 mors
1223 2483 1280 2526 'ct
1303 2471 1546 2524 interitus
1575 2466 1811 2526 fuissent,
1836 2477 1938 2515 non
1971 2459 2227 2528 potuisset

650 2571 789 2627 idem
817 2570 993 2622 dicere
1015 2607 1030 2627 .
1074 2565 1280 2619 Gaudeo
1307 2563 1359 2615 in
1386 2560 1700 2629 passionibus
1736 2555 1856 2608 uicis
1888 2567 1978 2622 pro
2001 2549 2157 2613 vobis,
2182 2559 2228 2600 ct

651 2662 905 2726 adiinpleo
931 2674 988 2712 ea
1009 2672 1120 2727 qua:
1139 2655 1318 2708 desum
1341 2651 1631 2722 passionum
1663 2645 1846 2701 Citriin
1873 2646 1924 2697 in
1945 2659 2094 2696 carne
2121 2657 2229 2693 utea

657 2754 789 2819 (Col.
817 2755 865 2807 l.
895 2751 1010 2819 24).
1057 2748 1133 2802 Ne
1174 2746 1448 2800 doleamus
1475 2756 1601 2810 ergo
1623 2780 1634 2802 ,
1666 2738 1802 2807 quod
1834 2735 2081 2789 mortales
2113 2732 2232 2786 facti

655 2847 846 2908 siums,
877 2843 969 2897 sed
1010 2839 1206 2910 gratias
1247 2849 1498 2904 agamus,
1538 2830 1674 2900 quod
1724 2827 1960 2896 martyrii
2005 2824 2231 2877 stadium

657 2937 808 2990 nobis
838 2935 904 2987 sit
941 2947 969 2985 a
1002 2936 1171 2983 morte
1212 2935 1524 2985 reseratum,
1562 2932 1609 2974 ct
1641 2919 1706 2971 ab
1738 2916 1952 2970 interitu
1985 2912 2231 2982 pra-mio-

654 3041 773 3081 rum
806 3023 1078 3078 materiam
1106 3030 1466 3086 acceperuuns
1488 3030 1500 3075 ;
1526 3010 1665 3064 unde
1692 3020 1744 3063 et
1773 3005 2120 3061 certaminum
2147 3017 2238 3055 oc—

655 3118 926 3171 casionem
956 3112 1092 3165 nacti
1121 3124 1320 3161 sumus.
1354 3106 1512 3159 \‘idcs
1537 3101 1846 3171 sapientiam
1876 3097 1988 3161 Dei,
2017 3109 2120 3165 quo
2145 3108 2240 3162 pa-

657 3218 746 3263 cto
790 3206 1074 3259 maximum
1122 3199 1248 3254 illud
1296 3196 1554 3250 malorum
1582 3201 1846 3260 caputque
1873 3196 2066 3241 nostra:
2095 3185 2239 3238 cala-

662 3299 882 3359 mitatis,
916 3294 1056 3365 quod
1088 3289 1294 3346 invexit
1318 3287 1581 3347 diabolus,
1607 3293 1833 3337 mortem
1865 3280 2099 3347 inquam,
2123 3291 2238 3330 eam

663 3392 714 3442 in
766 3389 1021 3441 honorem
1069 3382 1391 3453 gloriamque
1439 3385 1670 3431 nostram
1713 3372 2004 3435 convertit,
2048 3384 2111 3424 ac
2147 3382 2244 3438 per

666 3482 800 3535 hanc
831 3480 998 3548 ipsam
1024 3475 1248 3530 athletas
1275 3472 1337 3524 ad
1370 3469 1602 3540 martyrii
1625 3466 1804 3520 bravia
1831 3461 2081 3517 deduxit?
2107 3459 2242 3526 Quid

669 3572 836 3642 ergo?
864 3569 1128 3625 idcircone
1158 3563 1368 3618 diabolo
1391 3561 1576 3613 mortis
1598 3571 1754 3612 causa
1776 3554 1972 3625 gratias
1991 3550 2245 3621 agemus?

669 3641 819 3719 absit
844 3681 857 3716 :
881 3677 983 3714 non
1011 3659 1152 3712 enim
1175 3655 1242 3710 ab
1268 3653 1386 3723 ejus
1412 3660 1587 3706 mente
1615 3657 1759 3703 recte
1789 3646 1980 3700 factum
2008 3642 2129 3706 hoc,
2153 3641 2245 3695 sed

673 3755 761 3808 Dei
794 3749 1066 3820 sapientiai
1097 3756 1178 3801 est
1203 3745 1419 3799 donum.
1453 3740 1542 3794 Ille
1567 3739 1777 3808 quidem
1805 3734 2020 3796 invexit,
2041 3741 2092 3785 ut
2122 3745 2247 3799 pcr-

671 3846 855 3905 tlerct,
898 3851 952 3896 et
998 3839 1062 3891 ad
1101 3848 1301 3890 terram
1345 3830 1574 3887 reductis
1617 3841 1762 3896 spem
1812 3824 1994 3876 salutis
2037 3835 2250 3875 omnem

675 3931 1052 4005 prmscinderct
1071 3946 1083 3980 :
1102 3926 1346 3981 Christus
1366 3932 1538 3987 autem
1564 3919 1613 3972 id
1634 3919 1900 3986 arreptum
1934 3912 2250 3975 immolarit,

674 4001 728 4078 et
768 4025 818 4076 in
845 4022 1034 4074 mulum
1067 4031 1163 4069 nos
1198 4028 1378 4067 rursus
1403 4027 1498 4080 per
1529 4010 1698 4077 ipsum
1730 4005 2039 4060 introduxit.
2089 4001 2256 4055 Nemo

679 4117 837 4184 igitur
864 4127 959 4165 nos
989 4111 1223 4168 daumet,
1254 4103 1391 4172 quod
1419 4101 1638 4154 chorum
1667 4107 1718 4150 ct
1741 4095 2031 4150 exercitum
2062 4102 2260 4165 marty-

680 4224 795 4263 rum
828 4215 1021 4261 castum
1048 4198 1378 4270 appellarim,
1408 4197 1601 4263 unique
1629 4191 1704 4245 rei
1732 4188 1997 4243 contraria
2023 4186 2130 4240 duo
2161 4202 2258 4238 no-

681 4302 824 4355 mina
873 4293 1143 4350 tribuerim
1175 4307 1188 4342 :
1217 4287 1410 4341 chorus
1437 4285 1576 4338 enim
1617 4290 1672 4337 et
1705 4279 1972 4335 exercitus
1997 4276 2259 4332 contraria

684 4401 826 4454 sunt,
848 4401 1032 4442 verum
1060 4383 1144 4436 hic
1169 4389 1450 4448 utrumque
1475 4373 1702 4429 c0aluit:
1729 4370 1923 4426 etenim
1953 4367 2102 4438 quasi
2133 4366 2263 4419 cho-

685 4500 806 4539 reas
831 4482 1116 4543 ducereul,
1159 4473 1225 4529 ad
1271 4479 1531 4526 tormenta
1568 4481 1690 4521 cum
1719 4465 1988 4532 voluptate
2015 4474 2265 4530 perrexe-

689 4583 834 4638 runt,
862 4583 914 4627 ct
944 4579 1210 4637 nunquam
1243 4563 1524 4618 bellatores
1564 4571 1775 4612 onmem
1818 4552 2178 4608 fortitudinem
2207 4565 2268 4602 ac

693 4664 1024 4719 tolerantiam
1065 4673 1172 4728 pra:
1201 4669 1261 4710 se
1291 4653 1554 4715 tulerunt,
1586 4647 1872 4715 hostesque
1904 4644 2161 4698 vicerunt.
2195 4641 2271 4694 Ac

693 4758 738 4812 si
781 4769 964 4810 eorum
1006 4748 1218 4820 quidem
1245 4787 1259 4811 ,
1300 4759 1417 4814 qua:
1451 4749 1727 4812 geruntur,
1759 4747 1966 4808 spectes
1993 4744 2234 4789 naturam
2254 4773 2269 4797 ,

696 4863 867 4919 pugna
895 4855 948 4899 et
978 4841 1174 4896 bellum
1198 4846 1252 4892 et
1272 4836 1416 4890 acies
1442 4843 1586 4897 sunt,
1613 4845 1732 4900 quzc
1757 4836 2012 4898 geruntur
2037 4827 2150 4880 :sin
2180 4840 2274 4879 au-

699 4916 804 4994 tem
846 4948 1029 4990 eorum
1061 4939 1291 4984 mentem
1337 4923 1681 4988 consideres,
1716 4934 1834 4989 qiue
1857 4917 2028 4982 ﬁunt,
2064 4916 2274 4971 chorea:

697 5038 840 5090 sunt,
867 5035 919 5078 et
944 5021 1204 5082 convivia,
1227 5031 1290 5072 ac
1319 5014 1649 5075 festivitates,
1672 5019 1726 5066 ct
1751 5009 1992 5078 voluptas
2021 5006 2271 5069 masima,

700 5134 816 5188 quze
848 5114 1205 5183 perficiuntur.

772 5252 900 5306 Cum
928 5243 1059 5301 bello
1095 5247 1352 5312 comparat
1397 5237 1680 5308 Martyrum
1724 5240 2002 5296 tormenta;
2043 5240 2278 5284 constan-

707 5341 828 5394 timt
863 5337 1149 5405 Martyrum
1193 5331 1386 5402 egregie
1419 5327 1671 5382 describit.
1692 5323 1941 5377 —\'isne
1981 5332 2032 5377 te
2061 5324 2280 5376 doceam

711 5430 824 5482 huic
850 5427 992 5480 muni
1023 5424 1162 5477 bello
1199 5437 1317 5476 esse
1358 5419 1695 5484 terribiliora,
1739 5427 2026 5485 martyrum
2071 5415 2281 5483 inquam

709 5535 796 5575 res
823 5517 1036 5590 gestas?
1073 5513 1210 5583 Quid
1246 5521 1328 5567 est
1347 5513 1400 5565 in
1440 5510 1578 5566 bello
1600 5505 1969 5562 formidabile?
2005 5504 2285 5575 Utrimque

775 5694 792 5723 ί
817 5689 913 5746 Alii,
927 5687 1180 5753 splendido
1195 5687 1440 5738 vufttmtm
1459 5685 1624 5746 choro,
1640 5699 1751 5750 qua:
1777 5682 1920 5734 lectio
1942 5697 2035 5730 non
2057 5691 2132 5733 est
2155 5693 2289 5744 sper-

714 5753 891 5802 uetula.

1336 369 1389 422 S.
1432 362 1705 422 10.“le
1741 350 2215 417 Cllii‘t’SOS'lOBll
2257 343 2572 404 ARCHll-Zl’.
2614 334 3143 397 CONSTANTINOP.

3785 325 3893 381 708

2313 467 2452 515 stant
2470 458 2611 513 aries
2638 453 2997 518 COIllmlllllf-ﬂ‘,
3028 452 3260 521 undique
3285 450 3448 505 armis
3473 448 3756 519 fulgentes,
3792 459 3896 501 ter-

2312 566 2530 619 ramque
2579 547 2860 617 splendore
2903 545 3265 612 complentes;
3310 541 3543 612 undique
3591 541 3894 609 jaculornm

2313 646 2481 699 tmbes
2503 641 2833 707 emittuntur,
2858 656 3083 711 quorum
3108 639 3448 694 multitudine
3465 653 3558 692 aer
3577 635 3900 696 occultatur;

2317 744 2580 790 torrentes
2606 735 2880 804 sanguinis
2920 734 2969 788 in
3004 744 3198 788 terram
3239 734 3551 796 volvuntur;
3580 729 3764 784 multa:
3804 743 3905 782 uno

2313 830 2473 899 dique
2491 838 2697 896 strages
2724 837 2780 880 ut
2800 835 3038 896 segetum
3067 825 3120 879 in
3149 839 3344 890 messe,
3371 825 3442 879 ita
3469 825 3718 887 militum,
3747 823 3843 894 qui
3875 839 3905 876 a

2312 936 2373 974 se
2395 919 2619 973 invicem
2652 927 3081 986 prosternuntur.
3114 917 3227 986 Age
3249 931 3376 986 ergo
3397 916 3465 970 ab
3485 917 3697 970 illorum
3727 932 3906 985 pugna

2317 1022 2370 1065 te
2398 1010 2465 1064 ad
2493 1010 2627 1062 hanc
2656 1008 3011 1062 traducamus.
3049 1007 3146 1060 llic
3167 1006 3323 1059 «bina:
3350 1021 3561 1075 quoque
3587 1016 3712 1060 sunt
3738 1007 3906 1066 acies.

2320 1115 2421 1154 una
2453 1086 2665 1170 quidem
2718 1109 3028 1168 martyrum.
3062 1099 3228 1150 altera
3262 1111 3392 1150 vero
3419 1105 3768 1165 tyrannorum
3800 1116 3814 1150 :
3845 1113 3910 1152 ac

2317 1191 2526 1261 tyranni
2572 1189 2786 1259 quidem
2825 1189 3014 1241 armati
3055 1196 3197 1245 sunt.
3253 1196 3517 1257 martyres
3545 1195 3725 1240 autem
3763 1189 3910 1239 nudo

2317 1287 2552 1350 pugnant
2581 1295 2837 1348 corpore;
2866 1280 2957 1334 scd
2985 1296 3014 1332 a
3043 1280 3198 1333 nudis
3219 1288 3415 1340 tamen,
3443 1292 3549 1332 non
3578 1278 3644 1331 ab
3663 1278 3908 1336 annalis.

2321 1372 2539 1424 victoria
2569 1380 2889 1440 reportatur.
2918 1370 3051 1436 Quis
3073 1385 3176 1424 non
3209 1370 3570 1438 Obstupescat,
3604 1369 3820 1439 quando
3867 1370 3911 1421 is

2322 1463 2412 1532 qui
2445 1463 2605 1532 virgis
2633 1463 2874 1523 carditur,
2900 1462 3192 1516 eaedentcm
3216 1462 3397 1525 vincit,
3441 1471 3494 1516 et
3519 1462 3729 1515 vinctus
3759 1463 3905 1515 Solu-

2323 1565 2455 1619 ttun,
2483 1565 2701 1608 exustus
2724 1562 2990 1617 urentem,
3020 1561 3074 1605 et
3093 1552 3180 1621 qui
3213 1552 3434 1605 moritur
3465 1550 3914 1606 intcrfieicntemf

2323 1644 2482 1699 Vides
2513 1652 2570 1697 ut
2599 1643 2713 1698 haec
2740 1643 2841 1696 illis
2877 1643 3192 1697 terribiliora
3225 1643 3372 1696 sint?
3414 1642 3548 1697 Nam
3580 1644 3667 1697 illa
3692 1644 3914 1712 quidem

2327 1751 2646 1804 quamquam
2677 1733 3030 1795 formidabilia
3058 1743 3212 1804 sunt,_
3229 1742 3404 1786 tamen
3446 1749 3511 1787 ex
3533 1734 3723 1789 ordine
3751 1743 3916 1786 natu-

2325 1843 2399 1880 ra:
2427 1826 2560 1879 fiunt
2587 1842 2602 1879 :
2629 1825 2741 1878 lucc
2769 1834 2944 1877 autem
2969 1833 3289 1893 exsuperant
3321 1834 3559 1878 naturam
3582 1841 3802 1879 omnem
3833 1842 3919 1878 re-

2325 1932 2549 1987 rumque
2574 1930 2788 1970 omnem
2827 1915 3283 1984 consequentiam,
3321 1924 3389 1968 aut
3427 1915 3693 1986 intelligas
3719 1917 3919 1971 divina:

2328 2010 2508 2078 gratize
2529 2015 2745 2077 accepta
2767 2005 2982 2061 ferenda
3014 2021 3151 2070 esse,
3184 2022 3300 2075 qum
3329 2005 3412 2059 hic
3436 1993 3555 2059 cum
3587 2007 3744 2060 laude
3775 2023 3920 2076 pne-

2331 2109 2557 2154 stantur.
2606 2098 2840 2153 Tametsi
2867 2097 2992 2167 quid
3022 2096 3140 2161 hac,
3187 2111 3386 2165 qu:eso,
3430 2112 3604 2167 pugna
3641 2097 3924 2167 iniquius?

2328 2192 2452 2262 quid
2471 2188 2852 2246 certaminibus
2873 2189 2987 2246 istis
3031 2187 3313 2257 injustius?
3336 2187 3469 2242 Nam
3501 2188 3551 2241 in
3590 2188 3749 2242 bellis
3774 2198 3924 2242 uter-

2329 2298 2435 2354 que
2463 2297 2675 2350 eorum,
2704 2282 2791 2352 qui
2823 2291 3079 2351 pugnant,
3111 2290 3380 2346 armatur;
3412 2280 3500 2334 hic
3535 2295 3662 2336 vero
3690 2296 3799 2334 non
3827 2282 3924 2341 ita,

2330 2376 2425 2429 sed
2457 2375 2542 2429 hic
2565 2375 2778 2444 quidem
2810 2375 2985 2428 nudus
3015 2384 3117 2439 est,
3144 2374 3230 2427 ille
3259 2389 3384 2427 vero
3413 2374 3576 2428 armis
3595 2381 3680 2448 cst
3711 2382 3923 2429 tectus:

2334 2466 2385 2518 in
2435 2466 2816 2519 certaminibus
2849 2480 3032 2518 rursus
3074 2465 3310 2533 utrisque
3352 2464 3477 2519 licet
3519 2480 3711 2519 manus
3736 2475 3929 2518 contra

2338 2557 2580 2611 attollere
2604 2575 2618 2621 ;
2654 2557 2739 2610 hic
2765 2573 2890 2610 vero
2918 2558 3126 2611 vinctus
3165 2565 3246 2611 est
3283 2557 3399 2620 iste,
3427 2566 3481 2610 at
3510 2556 3597 2610 ille
3617 2565 3948 2624 conrpote-,

2337 2656 2472 2702 state
2503 2649 2638 2702 ictus
2665 2647 2867 2716 infligit,
2901 2657 2950 2702 ct
2996 2657 3262 2717 tamquam
3295 2663 3358 2701 ex
3390 2647 3669 2718 tyrannide
3694 2647 3931 2717 quadarn

2342 2738 2443 2792 sibi
2473 2738 2685 2806 quidem
2713 2753 2804 2791 eas
2833 2747 3008 2807 partes
3048 2748 3382 2791 assumentes
3421 2736 3679 2806 prtesidcs
3708 2747 3766 2791 ut
3793 2739 3934 2791 male

2339 2829 2558 2894 faciant,
2581 2830 2741 2898 justis
2769 2830 3087 2899 martyribus
3108 2837 3166 2882 ut
3186 2829 3322 2882 male
3347 2829 3612 2898 patiantur
3633 2829 3929 2882 attribuen-

2342 2928 2445 2986 tes,
2470 2921 2540 2974 ita
2568 2920 2990 2989 congrediuntur
3017 2911 3152 2973 "cum
3187 2921 3407 2985 sanctis,
3441 2929 3493 2974 et
3521 2936 3587 2974 ne
3611 2921 3688 2974 sic
3715 2921 3935 2990 quidem

2343 3010 2488 3080 ipsos
2516 3021 2840 3081 expugnant,
2872 3011 2965 3065 scd
2997 3011 3062 3065 ab
3094 3012 3191 3065 ista
3220 3027 3392 3082 pugna
3427 3029 3532 3065 tam
3559 3013 3736 3081 iniqua
3769 3028 3935 3081 supe-

2343 3102 2442 3155 rati
2471 3102 2750 3156 disccduut
2785 3121 2798 3155 :
2828 3111 2986 3171 atque
3030 3103 3169 3156 idem
3211 3103 3404 3156 accidit
3443 3118 3507 3157 ac
3536 3104 3579 3156 si
3610 3105 3733 3172 quis
3762 3105 3937 3158 virum

2345 3192 2652 3260 quempiam
2685 3192 2996 3246 bellatorem
3016 3194 3068 3246 in
3093 3193 3331 3264 praslium
3358 3193 3603 3262 deducat,
3632 3205 3687 3250 et
3714 3197 3941 3265 pra-eiut

2349 3282 2548 3336 lancea:
2594 3283 2836 3352 cuspide,
2867 3284 3029 3338 lorica
3058 3284 3362 3353 spoliatum,
3401 3285 3543 3339 nudo
3587 3268 3950 3356 corpore'pu-

2347 3387 2510 3440 guare
2551 3373 2754 3441 jubeat,
2798 3374 2887 3428 ille
2917 3384 3093 3428 autem
3137 3375 3261 3429 licet
3313 3389 3600 3442 percussus
3649 3390 3715 3429 ac
3756 3377 3947 3442 lzrsus,

2349 3463 2724 3533 sexcentisquc
2763 3462 3047 3518 confossus
3090 3463 3419 3528 vulneribus,
3463 3475 3720 3533 trOpa-um
3765 3477 3952 3521 tamen

2352 3552 2541 3621 erigat.
2585 3553 2842 3624 Martyres
2882 3555 3023 3607 enim
3074 3554 3247 3607 nudos
3286 3570 3407 3607 cmn
3451 3541 3501 3608 in
3544 3555 3780 3609 medium
3829 3572 3954 3624 pro-

2357 3645 2661 3706 traxis-ent,
2697 3661 2757 3697 ac
2786 3645 3035 3698 revinctis
3067 3653 3188 3712 post
3219 3654 3361 3714 terga
3394 3660 3458 3697 m:
3482 3645 3635 3698 nibus
3659 3660 3756 3700 eos
3791 3646 3958 3700 unde-

2361 3749 2568 3802 quaquc
2589 3736 2996 3803 percnsusscnt,
3022 3735 3093 3787 ita
3117 3735 3463 3787 vincebantur
3486 3751 3498 3786 :
3530 3735 3601 3787 illi
3626 3745 3811 3788 autem
3837 3737 3958 3789 vul-

2362 3838 2488 3876 nera
2517 3841 2634 3876 cum
2666 3825 3026 3891 excepissent,
3059 3833 3313 3892 trOpa'tnn
3335 3834 3518 3876 centra
3546 3824 3822 3878 diabolum
3845 3828 3958 3880 eri-

2361 3915 2574 3983 gebant.
2611 3913 2671 3966 Et
2701 3913 3148 3981 quemadmodum
3180 3927 3462 3982 percussus
3489 3913 3713 3968 adamas
3736 3917 3848 3969 min
3875 3932 3962 3969 me

2364 4004 2503 4059 cedit
2541 4021 2711 4073 neque
2752 4005 3042 4070 cmollitur,
3089 4005 3195 4058 imo
3244 4006 3442 4058 ferrum
3471 4021 3499 4058 a
3529 4021 3636 4075 quo
3655 4009 3965 4076 percutitur

2365 4097 2650 4164 confringit
2689 4115 2702 4151 :
2749 4098 2817 4149 ita
2849 4097 3098 4150 nimirum
3147 4105 3204 4150 et
3246 4107 3553 4152 sanctorum
3585 4099 3806 4164 animae,
3838 4114 3965 4155 cum

2373 4197 2479 4241 tam
2509 4188 2658 4241 multi
2692 4187 2957 4241 cruciatus
2987 4186 3391 4254 adhiberentur,
3426 4177 3555 4258 ipsSe
3582 4188 3803 4258 quidem
3829 4192 3964 4244 nihil

2373 4293 2531 4348 grave
2574 4278 2935 4342 patiebantur,
2967 4293 3154 4332 eorum
3189 4293 3322 4331 vero
3347 4292 3376 4330 a
3403 4278 3591 4347 quibus
3617 4280 3967 4334 czcdebantnr

2377 4369 2482 4422 vim
2518 4385 2580 4422 ac
2607 4371 2858 4422 virtutem
2889 4369 3255 4438 profligantes,
3284 4370 3509 4438 turpiter
3533 4379 3586 4423 et
3608 4370 3969 4439 ignominioso

2374 4461 2613 4515 devictos
2636 4470 2755 4530 post
2794 4462 2993 4514 multos
3025 4469 3079 4515 et
3108 4460 3471 4516 intolerandus
3497 4463 3681 4517 ictuse
3709 4467 3972 4518 certami-

2381 4553 2536 4606 nibus
2561 4551 2922 4606 dimittebant.
2974 4550 3182 4605 Etenim
3214 4551 3322 4606 illis
3343 4552 3395 4606 in
3423 4553 3651 4622 equulco
3674 4556 3877 4611 vinctis
3901 4559 3976 4610 la-

2379 4655 2489 4700 tcra
2521 4644 2808 4707 fodiebant,
2840 4643 3100 4711 profunde
3135 4644 3312 4698 sulcos
3357 4653 3579 4714 agentes
3610 4646 3650 4716 '_,
3682 4648 3841 4716 quasi
3878 4660 3979 4703 ter-

2381 4751 2491 4790 ram
2511 4743 2690 4790 aratro
2710 4736 3003 4799 sulearcut,
3033 4750 3140 4788 non
3166 4748 3390 4804 corpora
3417 4714 3717 4790 lacerarent
3747 4756 3760 4791 :
3793 4739 3980 4796 videre

2383 4838 2496 4882 erat
2535 4832 2683 4881 sinus
2717 4835 2955 4896 apertos,
2997 4835 3233 4880 reserata
3272 4828 3458 4891 latera,
3490 4840 3706 4897 pectora
3753 4831 3980 4900 effossa,

2387 4933 2561 4987 neque
2583 4927 2758 4971 tamen
2776 4931 2844 4971 eo
2868 4917 3105 4969 cruciatu
3127 4914 3361 4972 furorem
3383 4932 3538 4971 suum
3565 4919 3856 4987 explebant
3878 4922 3984 4977 illa:

2386 5009 2643 5078 sanguine
2675 5018 2842 5077 pasta:
2891 5007 3115 5071 bellum;
3167 5007 3261 5063 sed
3308 5008 3607 5063 abstractos
3650 5011 3720 5064 ab
3748 5014 3986 5082 cquuleo

2389 5101 2642 5169 subjectis
2688 5099 3010 5153 carbonibus
3054 5099 3107 5152 in
3145 5098 3287 5155 scala
3333 5098 3510 5155 ferrea
3561 5102 3934 5160 extendebant
3969 5125 3984 5159 :

2391 5204 2622 5262 tumque.
2637 5190 2822 5246 videre
2859 5199 2977 5245 erat
3011 5194 3314 5258 spectacula
3343 5191 3512 5247 multo
3535 5191 3805 5262 prioribus
3832 5210 3994 5252 acer-

2391 5284 2562 5350 biora,
2595 5281 2834 5350 duplices
2878 5289 3057 5349 guttas
3086 5295 3118 5336 e
3161 5280 3480 5351 corporibus
3520 5280 3845 5350 deﬂuentcs,
3892 5287 3994 5342 has

2393 5373 2605 5444 quidem
2636 5371 2888 5426 stillantis
2911 5371 3207 5442 sanguinis,
3257 5372 3376 5427 illas
3420 5381 3599 5428 autem
3644 5377 3892 5431 carnium
3925 5379 3991 5431 li-

2395 5461 2760 5533 qucfactarum
2795 5479 2808 5515 :
2846 5462 3017 5516 sancti
3057 5477 3186 5517 vero
3223 5472 3493 5533 tamquam
3540 5463 3680 5518 inter
3714 5480 3875 5522 rosas
3911 5469 3992 5536 ja-

2397 5566 2582 5613 ceutes
2608 5557 2660 5611 in
2687 5556 2898 5626 prunis,
2936 5556 3007 5610 ita
3035 5569 3156 5610 cum
3203 5555 3478 5623 voluptate
3517 5573 3635 5628 qua:
3662 5560 3996 5629 gerebantur

2398 5648 2730 5718 spectabant.

2467 5761 2483 5792 ί
2520 5758 2682 5819 scrib,
2707 5757 2969 5823 profundos
2993 5763 3182 5822 agentes
3206 5757 3254 5809 in
3277 5758 3365 5820 cis,
3384 5766 3433 5810 ut
3454 5759 3522 5811 ita
3549 5759 3727 5824 dicam,
3753 5761 3934 5814 minus.
