4084 6430
241 426 347 479 709

311 542 366 594 εὶ.
401 543 463 592 At
488 548 540 593 tu
568 539 692 593 dum
714 535 912 590 scalam
933 534 1084 589 audis
1105 531 1354 593 ferream,
1377 527 1668 598 spiritualis
1689 525 1832 581 illius

239 631 404 687 scalae
432 631 737 695 recordare,
758 646 918 699 quam
954 625 1252 698 patriarcha
1281 623 1409 678 vidit
1435 622 1602 677 Jacob
1631 636 1660 674 a
1689 630 1832 674 terra

241 725 294 776 in
328 725 516 778 ccclum
556 733 833 776 extensam
869 738 880 771 :
923 735 1018 789 per
1058 719 1202 772 illam
1233 715 1407 786 angeli
1436 710 1835 768 descendebant

239 813 394 883 (Gen.
427 813 517 866 9.8.
555 813 667 880 15),
703 825 798 881 per
840 812 976 863 hanc
1017 823 1143 863 vero
1190 816 1456 878 martyres
1490 800 1785 857 ascendunt
1818 818 1830 854 :

237 905 453 972 utrique
485 903 733 957 Dominus
764 912 846 957 est
889 901 1121 955 innixus.
1172 898 1289 952 Non
1338 896 1635 966 potuissent
1661 891 1832 948 sancti

239 995 327 1048 isti
355 993 568 1048 dolores
601 991 858 1062 perferre,
889 991 990 1044 nisi
1019 989 1142 1044 huic
1169 989 1334 1042 innisi
1360 987 1609 1058 fuissent.
1635 985 1713 1037 Ac
1736 996 1831 1051 per

239 1088 383 1140 illam
426 1086 642 1156 quidem
690 1084 989 1138 ascendunt
1030 1091 1084 1136 et
1127 1080 1461 1135 descendunt
1493 1074 1707 1147 angeli:
1736 1089 1832 1144 per

239 1178 376 1232 hanc
407 1174 852 1232 vero'ascendere
870 1185 1132 1246 martyres
1158 1173 1326 1228 cuivis
1360 1171 1697 1226 manifestum
1724 1177 1828 1226 est.

235 1269 376 1335 Quid
407 1269 515 1322 ita?
546 1267 698 1332 Quod
733 1267 808 1320 illi
840 1267 1056 1335 quidem
1084 1267 1133 1319 in
1157 1263 1511 1320 ministerium
1538 1272 1660 1317 sunt
1681 1261 1830 1316 missi

235 1375 447 1426 eortim,
469 1360 556 1430 qui
582 1358 936 1414 hereditatem
957 1359 1168 1428 capient
1191 1355 1376 1410 salutis
1396 1353 1580 1426 (Hebr.
1602 1354 1627 1408 ι
1647 1393 1662 1406 .
1699 1350 1786 1423 Η)
1814 1370 1828 1406 :

238 1449 325 1502 isti
353 1464 478 1504 vero
503 1459 772 1519 tamquam
790 1449 1005 1502 athleta:
1023 1458 1180 1517 atque
1201 1447 1431 1501 victores
1452 1444 1832 1499 certaminibus

237 1540 498 1594 absolutis
536 1540 790 1608 deinceps
829 1539 897 1594 ad
942 1536 1317 1609 agonotbetam
1370 1535 1680 1606 pergebant.
1722 1534 1829 1588 Ve-

234 1632 642 1690 rumenimveru
693 1647 760 1684 ne
787 1632 1081 1685 oscitanter
1112 1629 1392 1684 audiamus
1422 1645 1539 1698 qua:
1559 1627 1831 1690 dicuntur,

237 1722 363 1777 dum
406 1724 655 1778 audimus
693 1724 964 1792 subjectos
1013 1720 1179 1775 fuisse
1219 1720 1534 1788 corporibus
1586 1720 1832 1773 laceratis

238 1830 457 1882 prunas,
497 1815 590 1868 sed
635 1816 932 1884 cogitemus
970 1814 1178 1882 quales,
1208 1813 1295 1866 ubi
1347 1810 1512 1865 febris
1554 1826 1653 1864 nos
1678 1810 1831 1864 inva-

228 1907 400 1968 serit,-
424 1907 594 1960 simus
623 1923 636 1958 :
670 1906 832 1958 vitam
859 1898 1014 1958 nobis
1040 1903 1382 1973 injucundam
1405 1907 1460 1956 et
1484 1900 1830 1971 peracerbam

236 2005 505 2063 putamus,
556 1996 976 2066 Ingemiscimus,
1024 1994 1369 2062 impatienter
1408 1991 1653 2057 ferimus,
1694 2001 1830 2064 tam-

231 2102 394 2156 quam
428 2087 632 2156 parvuli
651 2085 881 2141 infautes
907 2084 1268 2154 indignamur,
1292 2085 1466 2154 ignem
1495 2084 1643 2138 illum
1663 2084 1828 2138 nihilo

234 2181 501 2234 mitiorem
524 2181 764 2247 gebenna
790 2188 1041 2250 putamus
1077 2197 1088 2232 :
1119 2189 1173 2232 at
1198 2179 1284 2232 isti
1320 2194 1426 2231 non
1459 2177 1830 2233 febreincum—

232 2271 415 2337 bente,
458 2271 551 2326 sed
580 2272 794 2324 ﬂamma
823 2271 944 2325 illos
971 2269 1209 2339 undi'tpte
1261 2268 1562 2335 obsidente,
1595 2283 1657 2323 ac
1681 2270 1826 2323 scin-

233 2362 361 2418 tillis
387 2363 441 2417 in
471 2364 651 2418 ulcera
678 2363 1102 2434 prosilientibus,
1123 2371 1179 2417 et
1203 2362 1391 2431 quavis
1423 2362 1531 2415 fera
1560 2361 1830 2417 crudelius

230 2458 454 2513 vulnera
489 2457 887 2523 vellicantibus,
927 2457 1147 2527 perinde
1176 2454 1327 2525 quasi
1375 2463 1557 2510 essent
1583 2455 1832 2509 adaman-

231 2552 350 2616 tini,
383 2562 438 2606 et
466 2552 519 2606 in
544 2551 734 2606 alienis
762 2551 859 2605 ista
899 2549 1220 2619 corporibus
1252 2549 1366 2602 fieri
1408 2557 1714 2612 cernerent,
1757 2548 1826 2602 ita

226 2660 511 2716 generose,
541 2633 605 2699 ac
650 2660 772 2699 cum
800 2659 1029 2713 ea,,qu:e
1059 2643 1179 2697 illos
1221 2642 1471 2707 decebat,
1507 2640 1828 2696 fortitudine

230 2738 283 2790 in
310 2735 666 2792 confessionis
693 2734 872 2789 verbis
911 2733 1349 2789 constantissime
1387 2731 1824 2802 perseverabant,

225 2840 280 2882 ct
309 2829 360 2883 in
389 2828 638 2883 oninibus
680 2826 762 2881 his
792 2826 949 2881 malis
977 2826 1257 2889 durantes,
1288 2824 1450 2880 simul
1477 2834 1531 2879 et
1556 2823 1720 2878 animi
1744 2825 1827 2878 sui

227 2921 394 2976 robur
423 2921 678 2976 invictum
719 2928 772 2973 et
805 2920 897 2974 Dei
938 2919 1166 2989 gratiam
1205 2919 1420 2988 egregie
1463 2933 1573 2988 prze
1602 2932 1659 2973 se
1689 2917 1824 2973 fere-

224 3016 375 3071 bant.
400 3013 556 3083 Szepe
580 3013 683 3068 sub
710 3027 958 3093 auroram
985 3012 1152 3066 solem
1181 3011 1514 3067 exorientem
1537 3010 1746 3065 vidistis
1768 3019 1826 3067 et

223 3107 379 3177 quasi
432 3120 656 3162 croceos
701 3105 881 3160 radios
933 3103 1304 3160 emittentem?
1351 3103 1475 3158 talia
1515 3112 1822 3159 sanctorum

224 3204 381 3252 erant
405 3211 654 3266 corpora,
694 3196 820 3251 dum
859 3195 1022 3251 veluti
1063 3197 1243 3251 crocei
1289 3196 1509 3266 quidam
1543 3195 1678 3250 radii
1723 3197 1823 3252 rivi

223 3287 500 3359 sanguinis
529 3288 767 3357 undique
809 3287 916 3342 illis
941 3286 1271 3351 diffluerent,
1304 3300 1600 3354 eorumque
1626 3300 1826 3356 corpus

225 3380 416 3446 multo,
437 3393 596 3449 quam
623 3379 816 3432 cat-lum
845 3377 923 3433 sol
948 3379 1084 3447 ipse,
1109 3377 1444 3446 splendidius
1473 3377 1820 3432 illustrarent.

225 3471 378 3527 llunc
423 3473 737 3539 sanguinem
791 3470 967 3541 angeli
1003 3479 1323 3527 contuentes
1376 3470 1820 3537 oblectabantur;

221 3562 501 3618 daemones
543 3562 858 3628 horrebant,
894 3569 948 3616 et
977 3560 1092 3631 ipse
1122 3561 1367 3616 diabolus
1393 3560 1674 3615 tremebat.
1707 3561 1822 3615 Non

224 3654 371 3709 enim
416 3653 634 3723 sanguis
677 3660 795 3707 erat
837 3651 1174 3721 simpliciter,
1221 3651 1310 3721 qui
1354 3650 1696 3717 cernebatur,
1727 3651 1823 3706 sed

223 3748 443 3818 sanguis
469 3746 749 3812 salutaris,
782 3746 1001 3816 sanguis
1028 3753 1270 3808 sanctus,
1319 3746 1539 3815 sanguis
1580 3745 1714 3800 emlo
1741 3745 1822 3799 di-

220 3856 384 3910 gnus,
413 3840 634 3911 sanguis
680 3841 770 3910 qui
801 3839 1053 3911 pulchras
1092 3838 1348 3894 Ecclesia:
1377 3839 1599 3893 arbores
1623 3839 1822 3908 jugiter

226 3935 432 4003 irrigat.
462 3933 607 3988 Vidit
635 3933 778 3988 hunc
808 3932 1145 4004 sanguinem,
1197 3930 1512 4001 horruitque
1540 3930 1819 3998 diabolus;

224 4024 544 4079 recordatus
587 4034 672 4080 est
709 4024 908 4095 quippe
937 4023 1162 4079 alterius
1203 4023 1481 4092 sanguinis
1517 4022 1819 4088 Dominici;

223 4125 448 4186 propter
490 4115 640 4170 illum
683 4116 999 4185 sanguinem
1041 4114 1127 4171 hic
1151 4114 1358 4170 efﬂuxit
1387 4132 1401 4167 :
1439 4130 1508 4170 ex
1542 4132 1649 4184 quo
1679 4116 1820 4171 enim

229 4207 438 4262 Domini
467 4207 610 4262 latus
641 4217 885 4277 apertum
914 4215 1018 4271 est,
1045 4221 1300 4261 sexcenta
1330 4205 1526 4261 deinde
1555 4206 1721 4260 latera
1746 4207 1821 4280 cf;

226 4300 369 4354 fossa
395 4301 690 4355 conlueris.
734 4300 863 4368 Quis
900 4299 1046 4356 enim
1092 4315 1199 4354 non
1230 4315 1350 4354 cum
1376 4299 1573 4369 gaudio
1602 4313 1725 4354 sese
1755 4298 1822 4354 ad

225 4405 431 4460 agones
454 4391 587 4458 istos
613 4390 874 4446 ineundos
901 4386 1199 4443 Dominicis
1214 4390 1554 4460 passionibus
1576 4405 1820 4448 commu-

226 4484 522 4545 nicaturus,
548 4491 602 4537 et
627 4482 827 4538 Christi
858 4482 1014 4536 morti
1056 4482 1349 4537 conformis
1389 4482 1599 4539 futurus
1637 4486 1821 4540 accin-

223 4573 350 4643 get?
380 4572 478 4628 Est
516 4575 656 4628 enim
697 4573 970 4629 sufficiens
1009 4573 1126 4628 inec
1151 4573 1468 4643 retributio,
1515 4583 1569 4632 et
1597 4577 1822 4646 amplior

227 4672 458 4730 merces,
506 4674 558 4717 et
599 4666 893 4720 certamina
938 4665 1205 4720 excedens
1247 4668 1546 4736 praemium,
1588 4669 1824 4725 velante

227 4756 531 4823 ingressum
562 4753 613 4806 in
641 4769 860 4824 regnum
894 4755 1170 4809 caelorum.
1205 4756 1283 4811 Ne
1303 4757 1462 4826 igitur
1483 4758 1820 4825 horreamus,

221 4847 352 4901 dum
385 4845 522 4900 hunc
549 4847 628 4900 vel
659 4847 804 4901 illum
826 4862 1040 4933 passum
1068 4863 1190 4903 esse
1217 4851 1536 4920 martyrium
1554 4851 1818 4920 audimus;

222 4935 319 5008 sed
348 4936 681 5004 horreamus,
707 4938 832 4991 dum
871 4937 1120 4994 audimus
1144 4939 1285 4994 hunc
1324 4940 1409 4995 vel
1441 4941 1585 4996 illum
1609 4944 1821 4998 emolli-

223 5029 359 5088 tum,
399 5035 464 5076 ac
511 5029 588 5074 tot
632 5022 896 5092 tantisque
942 5025 1291 5078 certaminum
1341 5027 1574 5095 pranniis
1614 5027 1823 5098 lapsum

220 5127 362 5167 esse.

298 5203 426 5270 Qua:
445 5203 655 5273 premit:
685 5213 931 5274 martyres
969 5217 1224 5260 maneant.
1261 5207 1534 5278 Comparat
1567 5210 1822 5282 Martyres

221 5311 336 5348 cum
362 5295 678 5349 athletis.—
697 5297 847 5364 Quod
878 5299 921 5352 si
952 5300 1159 5368 placeat
1186 5316 1268 5363 ea,
1294 5319 1410 5370 qua:
1434 5312 1552 5372 post
1581 5305 1716 5358 hanc
1742 5308 1822 5358 vi-

224 5398 331 5443 tam
356 5399 672 5458 sequuntur,
693 5391 913 5445 audire:
939 5393 1080 5445 nulla
1115 5408 1174 5446 ea
1204 5395 1418 5461 quidem
1452 5410 1672 5466 possunt
1697 5415 1822 5455 ora-

231 5481 377 5536 tione
405 5481 667 5537 declarari
695 5500 709 5537 :
737 5482 916 5555 Neque
943 5487 1086 5542 enim
1119 5487 1294 5540 oculus
1323 5489 1465 5551 υἰιιὶι,
1511 5490 1701 5560 inquit,
1733 5508 1822 5547 ne-

218 5590 315 5641 que
353 5577 492 5629 auris
534 5577 746 5640 audivit,
793 5594 951 5654 neque
992 5581 1043 5633 in
1080 5597 1167 5632 cor
1201 5581 1418 5635 hominis
1467 5584 1820 5652 ascenderunt,

218 5683 334 5734 qua
368 5671 670 5739 pru'panwit
703 5670 839 5724 Deus
868 5673 929 5725 iis
950 5675 1037 5742 qui
1058 5673 1273 5745 diligam
1308 5676 1451 5728 illum
1483 5675 1502 5748 (
1529 5678 1576 5730 l.
1621 5677 1738 5732 Cor.
1768 5681 1822 5733 ‘2.

218 5765 312 5824 9);
361 5760 538 5815 nullus
567 5775 723 5830 porro
753 5780 814 5816 cx
851 5763 1155 5818 hominibus
1181 5765 1315 5819 adeo
1350 5769 1511 5822 Deum
1535 5769 1724 5822 dilexit
1763 5786 1825 5824 ac

219 5861 506 5923 martyres.
552 5854 929 5917 Verumtamen
961 5875 1065 5915 non
1096 5858 1237 5930 quod
1273 5876 1482 5916 onmem
1526 5863 1820 5917 elationem

1409 413 1494 467 DE
1533 407 1818 472 SANCTIS
1857 400 2326 464 Μιιιιτγιιιυυε.

3441 406 3543 462 ΠΟ

1947 529 2288 589 mentemque
2327 527 2614 587 exsuperet
2641 526 2996 588 repositorum
3039 519 3308 576 bonorum
3343 526 3547 594 nsigni-

1948 611 2098 674 tudo,
2135 610 2257 665 ideo
2308 610 2600 673 silebimus,
2641 609 2735 663 sed
2774 619 3030 679 quantum
3073 611 3231 667 situm
3283 613 3336 667 in
3393 613 3547 669 nobis

1943 701 2046 754 erit
2078 701 2280 766 dicere,
2315 709 2369 754 et
2411 700 2463 753 in
2495 699 2644 753 vobis
2687 699 2894 766 audire,
2935 702 3247 756 conabimur
3269 704 3417 766 vobis
3443 704 3544 759 ob-

1943 788 2102 846 scure
2128 791 2518 855 demonstrare,
2548 799 2744 860 quanta
2776 791 2894 844 illos
2923 790 2994 846 ibi
3035 791 3269 863 excipiat
3319 793 3545 846 beatitu-

1941 881 2012 934 do
2040 899 2054 936 :
2082 882 2221 936 hanc
2259 882 2402 936 enim
2440 881 2514 934 illi
2559 881 2660 935 soli
2702 880 2979 936 evidenter
3016 892 3301 949 noverunt,
3345 884 3437 953 qui
3479 899 3544 938 ea

1947 974 2122 1043 reipsa
2143 972 2506 1042 perfruuntur.
2533 973 2819 1048 Enimvero
2848 972 3134 1043 perexiguo
3162 974 3377 1045 quidem
3406 984 3544 1030 tctu-

1944 1065 2088 1132 poris
2132 1074 2407 1120 momento
2447 1075 2712 1137 martyres
2754 1066 3084 1136 graviaista
3124 1075 3181 1122 et
3206 1065 3543 1122 intoleranda

1946 1156 2219 1226 patiuntur
2252 1175 2265 1210 :
2304 1145 2582 1227 postquam
2614 1165 2791 1213 autem
2838 1157 2962 1213 hinc
2987 1157 3336 1224 excesserint,
3359 1159 3412 1213 in
3439 1174 3545 1214 ca:-

1941 1231 2021 1301 los
2045 1246 2342 1302 ascendunt
2369 1246 2575 1316 angelis
2597 1248 2743 1316 ipsos
2771 1247 3220 1318 praecedentibus,
3239 1259 3294 1303 et
3315 1249 3516 1304 archan

1940 1339 2072 1407 gelis
2092 1339 2381 1393 satellitum
2407 1354 2555 1393 more
2585 1339 2941 1408 stipantibus:
2967 1355 3072 1394 non
3093 1343 3235 1395 enim
3268 1342 3428 1409 pudet
3447 1357 3544 1397 eos

1943 1431 2222 1486 conservis
2249 1431 2422 1485 officia
2445 1431 2722 1501 praestare,
2742 1432 2836 1487 sed
2858 1434 3062 1503 qumvis
3086 1435 3257 1504 parati
3280 1445 3405 1490 sunt
3426 1436 3544 1490 illo-

1941 1536 2058 1576 rum
2083 1537 2241 1577 causa
2268 1523 2466 1584 facere,
2497 1525 2710 1593 quando
2739 1524 2812 1578 illi
2840 1525 3041 1594 quaevis
3066 1541 3162 1596 pro
3189 1526 3416 1581 Domino
3443 1542 3544 1582 suo

1938 1612 2154 1666 Christo
2185 1629 2289 1667 non
2323 1613 2634 1668 dubitarunt
2689 1616 2944 1685 perferre.
2997 1614 3190 1673 Postea
3229 1633 3357 1672 vero
3383 1634 3542 1688 quant

1939 1708 1993 1761 in
2021 1706 2180 1761 czelos
2209 1706 2568 1771 ascenderint,
2610 1717 2808 1763 sanctae
2828 1724 3015 1764 omnes
3043 1709 3145 1764 illze
3173 1711 3396 1766 virtutes
3417 1727 3565 1766 con--

1938 1808 2182 1853 currunt.
2213 1801 2266 1855 Si
2290 1801 2432 1855 enim
2460 1803 2758 1874 peregrinis
2789 1803 3006 1857 athletis
3031 1803 3086 1857 in
3116 1804 3304 1859 urbem
3339 1803 3544 1859 adven-

1943 1895 2176 1947 tantibus
2206 1894 2436 1963 populus
2466 1894 2643 1950 omnis
2674 1895 2899 1950 confluit
2928 1895 3184 1967 undique,
3211 1912 3413 1968 eosque
3439 1899 3544 1952 cir-

1941 1984 2334 2043 cumvallantes
2391 1996 2568 2054 aptam
2617 1986 2979 2064 membrorum
3035 1987 3439 2058 dispositionem
3488 1992 3539 2068 in

1943 2074 2051 2127 illis
2100 2077 2582 2146 contemplantur:
2631 2080 2799 2133 multo
2849 2081 3049 2151 tnagis,
3103 2096 3226 2135 cum
3269 2082 3542 2153 religionis

1944 2166 2159 2221 atblctze
2209 2169 2260 2222 in
2317 2170 2479 2224 etclos
2521 2157 2899 2238 ascemleeint,
2950 2184 3278 2229 concurrunt
3328 2177 3540 2246 angeli,

1942 2272 2239 2329 omnesque
2267 2262 2507 2333 undique
2531 2262 2807 2318 conﬂuunt
2825 2279 3070 2334 supernae
3095 2267 3336 2332 virtutes,
3354 2284 3542 2325 eorum

1935 2352 2278 2408 considerant
2303 2352 2544 2419 vulnera,
2583 2366 2639 2411 et
2688 2366 2956 2427 tamquam
2997 2357 3230 2413 victores
3257 2363 3538 2430 quosdam,

1935 2459 1965 2497 e
1990 2444 2130 2498 bello
2159 2459 2222 2501 ac
2253 2447 2450 2515 proeliis
2477 2457 2828 2514 revertentes,
2866 2448 3050 2504 multis
3097 2452 3314 2520 tropaeis
3361 2467 3426 2506 ac
3455 2455 3539 2507 vi-

1933 2536 2115 2591 ctoriis
2142 2537 2328 2606 partis,
2375 2553 2497 2592 cum
2528 2539 2805 2609 voluptate
2842 2541 3118 2610 excipiunt.
3158 2557 3254 2596 eos
3275 2559 3468 2598 omnes
3489 2557 3541 2602 et

1933 2629 2328 2699 amplexantur,
2358 2644 2420 2685 ac
2448 2631 2654 2687 deinde»
2671 2633 2841 2688 multo
2865 2633 3116 2687 satellitio
3147 2625 3542 2705 circumseptus

1933 2719 2000 2776 ad
2045 2721 2245 2792 Regem
2277 2725 2554 2790 caelorum,
2587 2725 2654 2780 ad
2698 2725 2847 2780 illum
2895 2727 3145 2782 thronum
3182 2729 3343 2783 multa
3372 2733 3540 2801 gloria

1934 2813 2322 2870 redundantem
2349 2858 2364 2882 ,
2411 2817 2501 2871 ubi
2547 2817 2841 2872 Cherubim
2890 2829 2944 2873 et
2983 2819 3264 2890 Serapbim
3304 2823 3539 2889 adstant,

1932 2903 2226 2960 deducunt.
2275 2908 2409 2961 Cum
2451 2923 2579 2962 vero
2619 2909 2746 2962 illuc
2795 2909 3133 2978 advenerim,
3176 2928 3408 2983 eumque
3449 2917 3538 2986 qui

1935 2997 2130 3051 throno
2153 2998 2349 3054 insidet
2372 2999 2734 3068 adoraverint,
2758 3002 2928 3057 multo
2945 3003 3157 3073 majori,
3177 3020 3338 3074 quam
3361 3021 3391 3060 a
3408 3021 3540 3082 con-

1931 3088 2121 3154 servis,
2149 3103 2178 3142 a
2203 3089 2430 3145 Domino
2447 3091 2786 3161 excipiuntur
2814 3091 3186 3149 benevolentia
3216 3112 3231 3150 :
3264 3111 3371 3151 non
3394 3098 3537 3155 enim

1931 3188 1989 3231 ut
2023 3193 2210 3234 servos
2240 3195 2334 3236 eos
2360 3182 2556 3251 excipit
2586 3182 2935 3252 (quamquam
2965 3193 3023 3240 et
3049 3185 3313 3244 maximus
3340 3188 3427 3243 bic
3456 3198 3538 3245 est

1932 3270 2135 3336 honor,
2160 3272 2350 3343 cuique
2379 3288 2484 3328 non
2514 3275 2684 3343 possit
2708 3274 2928 3346 arqualis
2965 3278 3245 3348 reperiri),
3276 3277 3370 3335 sed
3399 3290 3536 3334 tam-

1929 3378 2090 3431 quam
2118 3363 2320 3418 amicos
2352 3378 2498 3418 suos.
2549 3363 2650 3419 Vos
2677 3366 2829 3432 enim,
2886 3367 3074 3437 inquit,
3124 3370 3277 3422 amici
3302 3372 3401 3424 mei
3421 3373 3540 3427 estis

1931 3454 2109 3526 (Joan.
2133 3455 2219 3508 15.
2246 3455 2373 3525 it);
2404 3471 2468 3511 ac
2497 3457 2688 3511 merito
2715 3471 2845 3514 sane
2878 3477 2892 3513 :
2923 3459 3184 3527 siquidem
3211 3461 3323 3531 ipse
3353 3478 3538 3517 rursus

1928 3543 2099 3598 dixit:
2136 3543 2392 3615 Majorem
2441 3545 2536 3600 hac
2577 3563 2723 3602 nemo
2762 3549 2911 3603 habet
2949 3549 3289 3619 dilectionem,
3332 3560 3388 3606 ut
3423 3556 3537 3606 ani-

1929 3651 2063 3687 mam
2090 3651 2235 3689 suam
2256 3647 2410 3706 ponat
2427 3639 2539 3706 quis
2561 3654 2655 3708 pro
2677 3639 2853 3695 amicis
2873 3642 2976 3694 suis
3012 3639 3062 3713 (1
3069 3641 3172 3695 bid.
3201 3644 3311 3711 13).
3350 3645 3536 3713 Quan-

1929 3725 2002 3779 do
2051 3726 2213 3796 igitur
2263 3727 2551 3782 maximam
2597 3729 2697 3798 ipsi
2759 3731 3036 3785 caritatem
3076 3732 3535 3804 demonstrarunt,

1931 3819 2062 3873 istos
2107 3818 2305 3888 excipit
2355 3820 2666 3883 honorifice,
2711 3830 2870 3889 atque
2913 3821 3001 3877 illa
3039 3823 3204 3893 gloria
3247 3825 3535 3893 perfruun-

1931 3919 2016 3962 tur
2047 3919 2099 3974 ις
2132 3911 2424 3980 participes
2469 3911 2604 3965 fiunt
2632 3911 2922 3967 chororum
2961 3923 3016 3968 et
3038 3916 3262 3971 canticis
3294 3919 3535 3989 mysticis

1928 3998 2346 4055 communicant.
2385 4000 2444 4056 Si
2465 4001 2606 4056 enim
2629 4016 2752 4056 cum
2782 4013 2966 4058 essent
2993 4004 3046 4058 in
3075 4019 3320 4076 corpore,
3344 4022 3535 4064 secun-

1927 4093 2055 4146 dum
2110 4095 2492 4164 mysteriorum
2532 4094 2968 4152 communionem
3015 4099 3065 4150 in
3115 4099 3262 4154 illum
3305 4101 3530 4156 ebormn

1929 4183 2370 4250 admittebantur,
2390 4193 2447 4240 ut
2474 4199 2595 4240 cum
2627 4185 2761 4255 ipsis
2785 4177 3076 4242 Cherubim
3114 4190 3406 4258 psallerent
3431 4191 3532 4264 by-

1930 4290 2112 4329 mnum
2141 4284 2225 4330 ter
2250 4284 2495 4330 sanctum
2550 4273 2706 4346 (Isai.
2737 4277 2790 4333 6.
2822 4275 2909 4349 3),
2940 4288 2997 4332 ut
3029 4293 3121 4334 vos
3147 4281 3312 4350 probe
3340 4284 3531 4350 nostis,

1934 4363 2022 4433 qui
2057 4363 2328 4436 mysteriis
2380 4365 2572 4419 initiati
2624 4366 2798 4433 estis;
2841 4367 3012 4422 multo
3055 4371 3226 4442 magis
3256 4388 3396 4426 nunc
3428 4373 3534 4428 illis

1930 4453 2227 4524 conjuncti.
2258 4469 2380 4509 cum
2409 4455 2603 4526 quibus
2631 4455 2829 4513 choros
2868 4458 2995 4525 olim
3027 4459 3315 4528 ducebant,
3367 4465 3534 4522 multa

1930 4559 2052 4598 cum
2083 4543 2280 4601 ﬁducia
2311 4538 2602 4601 laudationl
2629 4547 2708 4602 illi
2749 4550 3166 4605 communicant.
3214 4554 3408 4608 Annon
3439 4570 3533 4611 an-

1935 4635 2089 4691 tehac
2143 4637 2462 4707 martyrium
2513 4636 2855 4694 horrebatis?
2909 4655 3090 4696 annon
3138 4645 3383 4717 martyrii
3437 4662 3534 4703 vos

1935 4741 2078 4781 nunc
2135 4725 2464 4782 desiderium
2506 4727 2683 4797 capiti
2737 4730 2998 4800 numquid
3040 4747 3148 4786 non
3187 4730 3384 4790 doletis
3420 4737 3534 4807 jam

1932 4816 2172 4887 martyrii
2203 4825 2420 4887 tempus
2449 4832 2557 4872 non
2583 4816 2777 4874 adesse
2793 4819 2819 4873 ?
2843 4819 3042 4875 Verum
3070 4834 3418 4881 exerceamus
3434 4841 3535 4882 nos

1929 4908 1996 4962 ad
2026 4919 2236 4978 tempus
2263 4912 2506 4981 martyrii
2537 4928 2550 4964 :
2579 4920 3025 4984 contempserunt
3077 4917 3154 4971 illi
3185 4919 3368 4984 vitam,
3403 4935 3532 4976 con-

1933 5013 2112 5059 temne
2144 5016 2200 5058 tu
2227 5004 2449 5060 delicias
2475 5023 2488 5058 :
2521 5005 2869 5077 proiecerunt
2896 5007 2970 5062 illi
2995 5023 3222 5079 corpora
3252 5011 3304 5066 in
3333 5013 3533 5082 ignem,

1935 5096 2135 5166 projice
2181 5104 2236 5151 tu
2268 5098 2522 5168 pecunias
2552 5113 2696 5162 nunc
2727 5100 2780 5154 in
2812 5114 3106 5172 pauperum
3139 5119 3330 5159 manus
3364 5125 3376 5160 :
3409 5122 3535 5176 pru-

1932 5201 2030 5241 nas
2055 5187 2132 5242 illi
2157 5187 2456 5254 calcarunb,
2505 5197 2560 5244 tu
2593 5191 2900 5260 cupiditatis
2928 5192 3198 5248 flammam
3229 5197 3534 5267 exstingue.

1935 5285 2226 5340 Laboriosa
2253 5295 2379 5341 sunt
2411 5286 2507 5342 ista
2529 5295 2582 5341 et
2605 5287 2866 5354 difﬁcilia,
2903 5289 2998 5345 sed
3030 5299 3210 5346 tamen
3243 5291 3390 5346 utilia
3420 5293 3536 5346 val“

1932 5377 2020 5432 de.
2049 5376 2126 5431 Ne
2168 5392 2230 5432 ea
2264 5393 2384 5448 qum
2423 5381 2706 5448 praesentia
2747 5390 2874 5436 sunt
2911 5382 3104 5436 acerba
3130 5372 3394 5451 'spcctes,
3442 5387 3534 5439 sed

1932 5486 2052 5540 qua:
2078 5470 2314 5543 jucunda
2357 5471 2567 5526 futura:
2603 5487 2709 5527 non
2738 5489 2859 5544 qua:
2886 5475 2938 5530 in
2974 5476 3221 5530 manibus
3253 5477 3414 5545 mala,
3440 5478 3533 5533 sed

1932 5580 2054 5634 quae
2103 5566 2154 5619 in
2189 5579 2284 5635 Spe
2310 5565 2447 5620 bona
2479 5583 2492 5620 :
2525 5582 2633 5621 non
2660 5583 2951 5636 mrumnas,
2994 5571 3087 5624 sed
3128 5570 3348 5640 prsentia
3378 5588 3393 5625 :
3427 5586 3533 5627 non

1935 5657 2168 5721 labores,
2207 5656 2300 5712 sed
2330 5672 2559 5712 coronas
2594 5677 2603 5709 :
2640 5674 2746 5712 non
2796 5658 3044 5724 sudores,
3087 5661 3179 5714 sed
3211 5661 3490 5717 mercedes
3520 5679 3532 5714 :

1975 5812 2012 5877 ,ί
2045 5816 2091 5880 ιιι
2113 5811 2571 5880 Sai-il:_sie_legitui',
2589 5812 2701 5862 istos
2722 5812 2904 5880 earipu
2931 5821 2979 5864 nt
2998 5814 3358 5876 dilectissimos;
3375 5821 3419 5866 ct
3437 5813 3530 5878 ,ιο

1937 5873 2011 5923 riu
2039 5873 2124 5923 illo
2144 5873 2371 5936 mrﬂitbili
2397 5876 2732 5937 perfruuntur;
2756 5873 2906 5926 bene.
