4084 6432
606 378 694 435 ἹΗ
1321 378 1377 434 8.
1416 377 1690 433 JOANNIS
1726 375 2194 434 CllltYSOSTOMl
2232 375 2552 433 ARCHIEP.
2592 377 3122 437 CONSTANTINOP.

601 511 707 550 non
737 492 1074 558 acerbitates,
1121 493 1214 548 sed
1243 492 1618 547 retributiones
1648 509 1662 543 :
1689 505 1791 553 non
1816 491 1988 560 ignem
2013 505 2172 545 uren-

602 597 729 642 tem.
762 585 854 640 sed
876 585 1206 655 propositum
1229 598 1495 654 regnum:
1525 598 1628 638 non
1650 584 1928 638 carnifices
1949 582 2177 636 circum-

599 686 820 735 stantes.
850 676 944 729 sed
976 675 1242 729 Christum
1273 683 1642 728 coronantem.

669 767 719 822 3.
766 767 878 833 Qua
911 768 1106 822 ratione
1129 765 1195 820 ad
1220 766 1448 820 rirtutrm
1482 766 1711 833 expedite
1731 763 1977 832 possimus
2005 776 2172 832 perve-

596 861 727 915 nire.
756 889 828 901 —
847 860 974 914 Haec
1006 859 1248 928 expedita
1286 858 1517 913 maxime
1555 858 1689 911 ratio
1716 871 1778 908 ac
1807 856 1893 908 via
1921 854 1986 909 ad
2015 855 2177 910 virtu-

596 962 703 1007 tem
751 952 1019 1016 facillinta,
1057 967 1164 1006 non
1212 950 1425 1005 labores
1474 957 1676 1004 tantum
1736 948 1969 1014 intueri,’
1987 947 2079 1001 sed
2122 954 2176 1000 et

600 1045 818 1113 przcmia
844 1057 962 1096 cum
987 1041 1278 1106 laboribus,
1308 1055 1482 1109 neque
1503 1041 1613 1110 ipsa
1637 1047 1838 1096 tantum
1867 1038 2170 1107 separatim.

593 1134 726 1188 Cum
751 1134 907 1202 igitur
935 1133 1333 1203 cleemosynam
1359 1147 1418 1187 es
1463 1131 1849 1201 impertituros,
1875 1131 1981 1183 noli
2009 1144 2171 1200 pecu-

596 1225 696 1278 nire
736 1224 1028 1287 impensam
1070 1222 1383 1288 attendere,
1425 1223 1518 1278 sed
1558 1223 1775 1291 justitire
1813 1221 2173 1275 coacervatio-

596 1331 740 1372 nem.
781 1314 1045 1384 Dispersit,
1091 1315 1229 1368 dedit
1254 1313 1558 1385 pauperibus
1589 1328 1609 1367 .'
1639 1313 1840 1381 justitia
1870 1313 1978 1382 ejus
2005 1322 2170 1363 manet

593 1409 645 1460 in
674 1407 1103 1461 arettlunt-stzculi
1131 1409 1146 1473 (
1173 1403 1318 1458 Psal.
1348 1405 1404 1458 Η
1423 1404 1468 1456 Ι.
1502 1402 1572 1474 9)
1607 1420 1620 1457 :
1649 1418 1712 1456 nc
1739 1402 1991 1470 reSpicias
2020 1394 2175 1469 opes,

594 1513 712 1566 qua:
743 1496 1150 1558 exhauriuntur,
1203 1492 1294 1547 sed
1325 1493 1526 1562 inSpiee
1558 1491 1862 1545 thSaut‘tlm
1893 1489 1979 1559 qui
2006 1504 2172 1558 auge-

594 1597 702 1641 tur.
724 1587 779 1641 Si
806 1585 1035 1654 jejuncs,
1065 1599 1170 1638 non
1202 1584 1377 1638 carnis
1417 1598 1481 1636 ex
1519 1581 1720 1651 jejunio
1762 1580 2173 1634 maccrationem

596 1678 907 1741 considera,
944 1676 1036 1731 sed
1086 1670 1492 1740 relaxationem,
1537 1689 1692 1744 quam
1725 1688 1788 1728 es
1821 1674 1906 1726 illa
1935 1687 2172 1726 macera-

595 1771 739 1823 tione
797 1766 1161 1835 consequeris.
1217 1765 1272 1820 Si
1319 1774 1527 1819 noctem
1579 1764 1873 1818 insomnem
1932 1763 2176 1828 traducas

595 1857 821 1924 orando,
850 1872 955 1912 non
989 1857 1287 1914 molestiam
1333 1871 1400 1909 ex
1429 1853 1621 1923 vigilia,
1646 1853 1739 1908 sed
1762 1868 1917 1922 quam
1947 1853 2175 1923 acquiris

591 1965 660 2004 ex
689 1950 927 2004 oratione
958 1948 1204 2002 fiduciam
1257 1946 1542 2015 perpende.
1596 1944 1670 1998 lta
1721 1960 1932 2014 quoque
1982 1946 2176 1998 milites

593 2040 833 2094 faciunt':
868 2055 972 2094 non
1002 2038 1224 2093 vulnera
1276 2038 1568 2102 intuentur,
1611 2037 1704 2091 sed
1752 2037 1966 2104 pra-mia
2017 2053 2030 2089 :
2070 2052 2173 2090 non

590 2130 786 2197 cades,
818 2130 910 2184 sed
934 2129 1184 2185 victorias
1217 2145 1232 2181 :
1266 2143 1370 2184 non
1403 2137 1641 2182 mortuos
1667 2128 1940 2194 cadentes,
1970 2128 2062 2182 sed
2087 2144 2177 2182 co-

593 2231 811 2276 ronatos
835 2221 1081 2277 victores.
1115 2220 1204 2275 Sic
1232 2227 1286 2277 et
1315 2219 1701 2288 gubernatores
1728 2228 1851 2273 ante
1884 2228 2172 2288 tempesta-

594 2323 673 2368 tes
704 2324 886 2383 portus
928 2311 1239 2382 respiciunt,
1282 2320 1408 2367 ante
1448 2311 1717 2380 naufragia
1758 2311 2172 2380 negotiationes;

592 2414 716 2459 ante
746 2396 1080 2460 incommoda
1119 2403 1466 2472 navigationis
1500 2417 1618 2472 qum
1657 2417 1722 2456 ex
1765 2402 2027 2457 maritima
2057 2417 2175 2472 per-

591 2496 920 2564 egrinatione
961 2495 1105 2549 lucra
1136 2495 1512 2562 deccrpuntur.
1546 2494 1618 2548 Ita
1642 2493 1726 2550 [ac
1757 2503 1809 2547 tu
1835 2508 2177 2564 quoque:co-

587 2589 697 2658 gita
723 2597 975 2653 quantum
995 2588 1063 2641 sit
1086 2587 1235 2651 illttd,
1260 2589 1422 2639 multa
1450 2596 1606 2641 nocte
1623 2586 2012 2641 dormientibus
2034 2601 2174 2639 mor—

590 2682 784 2744 talibus
808 2680 1079 2745 omnibus,
1117 2679 1244 2736 feris
1270 2693 1330 2733 ac
1347 2679 1600 2747 jumentis
1628 2679 1679 2731 in
1703 2676 1952 2731 altissima
1976 2677 2172 2747 quiete,

588 2775 759 2829 solum
791 2783 841 2827 te
869 2770 1296 2841 expergefactum
1328 2785 1448 2824 cum
1488 2769 1757 2823 communi
1787 2768 2022 2822 omnium
2073 2767 2176 2821 Do-

586 2866 737 2933 mino
757 2864 925 2920 libere
950 2863 1214 2933 colloquia
1243 2863 1496 2917 miscere.
1525 2861 1700 2915 Dulcis
1722 2870 1805 2915 est
1833 2860 2083 2915 somnus?
2108 2863 2173 2914 At

585 2955 721 3015 nihil
742 2954 953 3016 dulcius
982 2954 1224 3008 oratione
1254 2954 1295 3006 ⁸.
1327 2953 1382 3008 Si
1409 2953 1554 3007 solus
1581 2968 1700 3007 cum
1725 2951 1839 3006 solo
1864 2951 2173 3021 colloquens

587 3047 677 3106 diu
712 3046 949 3117 potueris
992 3044 1282 3115 perdurare
1337 3043 1484 3098 nullo
1532 3043 1895 3111 obstrepente,
1941 3043 2088 3095 nullo
2119 3049 2172 3096 te

592 3136 988 3207 interpellante,
1031 3145 1190 3206 atque
1217 3134 1285 3190 ab
1313 3133 1554 3188 oratione
1594 3142 1893 3196 revocante,
1928 3133 2090 3188 habes
2116 3143 2172 3189 et

588 3239 800 3298 tempus
835 3226 1241 3296 suffragatorem
1283 3225 1349 3279 ad
1395 3225 1446 3279 id
1488 3225 1626 3294 quod
1687 3225 1892 3293 expetis
1926 3225 2170 3278 obtinen-

591 3321 743 3375 dum.
769 3318 966 3374 Verum
996 3319 1048 3373 in
1096 3317 1242 3375 molli
1277 3325 1446 3371 strato
1492 3316 1834 3381 decumbens,
1861 3316 1926 3382 ,in
1954 3314 2089 3369 hanc
2116 3323 2169 3369 et

589 3410 643 3464 in
673 3410 817 3470 illam
861 3419 1067 3480 partem
1094 3407 1345 3472 verteris,
1386 3422 1448 3462 ac
1472 3421 1692 3476 surgere
1723 3406 2024 3474 pigritaris?
2064 3399 2169 3460 Ve-

590 3501 741 3559 niant
763 3499 856 3556 tibi
882 3500 932 3553 in
964 3510 1195 3553 mentem
1228 3498 1324 3561 illi,
1345 3497 1436 3570 qui
1465 3497 1515 3550 in
1539 3497 1796 3554 craticula
1821 3495 1988 3550 ferrea
2023 3497 2171 3567 jace-

592 3591 724 3646 hant
751 3589 908 3646 hodie
936 3598 1222 3659 martyres,
1256 3603 1372 3643 non
1387 3588 1624 3657 subjecto
1642 3588 1823 3653 cubili,
1858 3587 1951 3643 sed
1984 3589 2170 3657 prunis

586 3681 888 3739 substratis.

660 3773 946 3845 Martyrum
965 3771 1216 3842 supplicia
1243 3773 1524 3828 recolenda.
1553 3802 1622 3812 —
1650 3774 1744 3826 llic
1775 3788 1873 3843 ego
1901 3773 2056 3828 finem
2086 3775 2168 3828 di-

589 3864 743 3926 cendi
772 3863 946 3920 facere
975 3863 1168 3927 statui,
1195 3873 1254 3917 ut
1280 3877 1377 3917 vos
1406 3864 1675 3918 craticula:
1704 3866 1963 3937 vigentem
1995 3865 2166 3920 adhuc

653 3977 670 4007 ¹
705 3975 843 4027 Saril.
863 3982 916 4026 et
937 3982 1074 4039 neg.,
1098 3973 1310 4026 oratione
1332 3971 1567 4037 ﬁduciam
1590 3975 1806 4027 habente.

3773 383 3884 439 ἨΞ

2283 498 2337 544 ct
2362 501 2631 546 recentem
2661 489 2914 546 habentes
2957 493 3271 547 memoriam
3311 492 3610 548 ahscedatis
3629 533 3645 562 ,
3671 503 3727 549 et
3757 494 3880 562 ejus

2284 589 2444 635 noctu
2472 590 2630 652 atque
2653 582 2879 636 interditt
2907 582 3257 637 recordetnini
3277 599 3291 637 :
3310 583 3434 640 licet
3456 585 3596 638 enim
3611 598 3875 641 sexcenta

2284 674 2490 729 vincula
2523 689 2617 728 nos
2646 674 2974 740 devinciant,
3011 685 3185 730 tamen
3218 675 3372 732 facile
3403 687 3591 732 cuncta
3632 679 3870 733 disrum-

2283 781 2410 836 pere
2440 765 2731 836 poterimus
2755 807 2769 832 ,
2798 777 2956 836 atque
2985 767 3050 820 ad
3073 761 3329 822 orandum
3358 783 3713 839 consurgere,
3737 769 3872 823 dum

2282 856 2590 910 craticulam
2621 871 2832 926 semper
2859 871 3133 912 versamus
3178 859 3378 912 animo.
3409 857 3526 913 Non
3556 859 3872 913 craticulam

2282 957 2457 1000 autem
2484 947 2678 1010 solum,
2708 948 2800 1002 sed
2830 956 2884 1002 et
2918 948 3016 1003 alia
3062 958 3355 1021 martyrum
3399 959 3664 1004 tormenta
3707 964 3872 1018 Sttpel‘

2282 1038 2459 1092 cordis
2507 1040 2679 1093 nostri
2717 1038 3047 1094 latitudinem
3089 1041 3474 1096 describamus.
3505 1041 3868 1106 Quemadmo-

2281 1126 2405 1182 dum
2436 1129 2526 1198 qui
2555 1143 2680 1183 suas
2704 1130 2847 1184 cedes
2885 1130 3242 1198 elegantiores
3267 1130 3530 1196 reddunt,
3562 1131 3756 1186 ﬂorida
3782 1147 3872 1187 eas

2283 1222 2487 1289 pictura
2512 1220 2744 1290 undique
2759 1231 3020 1276 exornant
3047 1239 3061 1274 :
3093 1223 3170 1276 sic
3191 1231 3243 1277 et
3262 1238 3360 1277 nos
3383 1223 3434 1276 in
3457 1225 3649 1278 mentis
3671 1233 3871 1278 nostra:

2280 1310 2577 1381 parietibus
2601 1312 2869 1366 cruciatus
2895 1321 3185 1382 martyrum
3215 1313 3582 1384 dcpingamus.
3607 1314 3744 1369 Nam
3785 1316 3870 1369 illa

2281 1400 2495 1470 quidem
2536 1401 2743 1472 pictura
2789 1412 2873 1457 est
2921 1404 3158 1470 inutilis;
3193 1405 3293 1458 ista
3324 1421 3449 1459 vero
3480 1406 3637 1474 plctia
3689 1407 3867 1461 lucri:

2283 1507 2387 1546 non
2415 1494 2558 1548 enim
2579 1494 2824 1563 pecuniis,
2842 1494 3057 1564 indiget,
3087 1511 3194 1550 non
3219 1498 3468 1567 expensis
3488 1539 3501 1561 ,
3531 1514 3709 1569 neque
3735 1500 3872 1553 adeo

2281 1592 2394 1638 arte
2420 1584 2522 1637 ulla
2539 1585 2738 1653 pictura
2769 1585 2881 1639 haec
2903 1586 3026 1641 :sed
3043 1587 3156 1642 vice
3183 1589 3420 1642 omnium
3453 1601 3756 1660 promptam
3781 1607 3871 1644 ro-

2282 1675 2537 1730 luntatem
2587 1688 2925 1747 mentemque
2950 1692 3262 1747 generosam
3290 1674 3353 1735 ac
3380 1682 3688 1751 vigilantem
3718 1682 3872 1737 sufﬁ-

2281 1767 2352 1821 cit
2392 1767 2677 1834 adhibere,
2724 1779 2884 1840 atque
2927 1770 3009 1826 his
3047 1772 3197 1842 quasi
3230 1773 3475 1827 manibus
3525 1776 3874 1843 peritissimis

2282 1859 2519 1928 ipsorum
2568 1860 2871 1916 describere
2915 1863 3204 1917 cruciatus.
3232 1863 3590 1934 Depingamus
3634 1881 3770 1936 ergo
3818 1867 3872 1919 in

2280 1952 2455 2005 anima
2488 1962 2666 2005 nostra
2697 1952 2794 2006 hos
2823 1951 3064 2020 jacentes
3094 1953 3143 2006 in
3183 1953 3449 2023 sartagine
3469 1993 3484 2018 ,
3528 1955 3646 2008 illos
3688 1966 3872 2008 autem

2281 2057 2442 2111 super
2485 2043 2746 2097 carbones
2791 2053 3076 2108 extensos;
3129 2042 3226 2097 hos
3258 2045 3307 2097 in
3338 2044 3540 2098 lebetes
3585 2044 3868 2114 dejectos,

2282 2133 2402 2187 illos
2431 2132 2482 2185 in
2515 2148 2660 2186 mare
2688 2132 2997 2199 demersos;
3030 2134 3162 2187 alios
3193 2134 3484 2200 laceratos,
3508 2135 3644 2189 alios
3667 2138 3720 2188 itt
3752 2147 3873 2190 rota

2282 2225 2566 2291 distortos,
2591 2225 2726 2279 alios
2755 2226 2807 2280 in
2835 2225 3184 2295 pratcipitium
3213 2235 3392 2293 actos;
3434 2235 3592 2296 atque
3623 2227 3722 2282 hos
3753 2229 3878 2299 qui-

2280 2318 2400 2373 dem
2426 2334 2546 2373 cum
2571 2319 2751 2373 bestiis
2774 2319 3156 2390 depugnantes,
3176 2318 3295 2373 illos
3315 2334 3445 2373 vero
3473 2319 3524 2372 in
3553 2319 3875 2374 barathrum

2280 2411 2586 2476 devolutos,
2610 2411 2741 2466 alios
2767 2420 2825 2466 ut
2848 2413 3038 2482 cuique
3067 2403 3289 2482 contigit
3315 2422 3539 2467 mortem
3568 2413 3872 2468 obeuntes:

2282 2513 2341 2560 ut
2383 2506 2536 2574 hujus
2569 2507 2786 2575 picturae
2810 2499 3071 2559 varietate
3094 2503 3311 2558 domum
3341 2513 3579 2558 nostram
3610 2505 3877 2558 illustrio-

2282 2611 2394 2650 rcnt
2422 2610 2542 2650 cum
2569 2595 2982 2658 reddiderimus,
3013 2604 3195 2663 aptum
3223 2594 3640 2664 caelorum-[tegi
3684 2595 3874 2648 diver-

2280 2688 2480 2741 sorium
2518 2700 2898 2755 prmparcmus.
2940 2685 3147 2738 Etenim
3196 2685 3240 2739 si
3281 2685 3543 2754 ejusmodi
3589 2685 3784 2739 viderit
3817 2685 3874 2740 in

2279 2788 2463 2831 nostra
2488 2787 2664 2831 tncnte
2683 2778 2939 2847 picturas,
2969 2775 3146 2830 veniet
3169 2790 3290 2828 cum
3327 2776 3505 2843 Patre,
3532 2777 3874 2831 mansionem

2278 2868 2416 2937 apud
2444 2883 2542 2923 nos
2565 2869 2721 2922 faciet
2747 2883 2866 2920 cum
2894 2867 3096 2935 Spiritu
3124 2875 3339 2932 sancto;
3363 2866 3570 2936 eritque
3612 2867 3878 2935 deinceps

2278 2958 2419 3028 regia
2445 2959 2686 3028 quaedam
2715 2957 2907 3012 dooms
2937 2971 3089 3011 mens
3128 2966 3308 3011 nostra
3334 2996 3348 3020 ,
3378 2957 3632 3026 nullaque
3663 2958 3714 3011 itt
3748 2974 3876 3013 eam

2279 3049 2482 3118 ingredi
2509 3049 2702 3118 poterit
2723 3048 2953 3101 absurda
2979 3047 3248 3116 cogitatio,
3270 3046 3395 3101 dum
3425 3059 3722 3119 martyrum
3753 3065 3874 3102 tne-

2279 3143 2444 3197 moria
2468 3182 2482 3206 ,
2506 3142 2648 3195 velut
2680 3141 2885 3208 pictura
2922 3138 3164 3207 quaedam
3194 3137 3380 3192 ﬂorida
3400 3179 3414 3202 ,
3452 3138 3595 3192 omni
3624 3147 3876 3208 tempore

2277 3235 2328 3288 in
2354 3233 2505 3286 nobis
2528 3231 2796 3296 manebit,
2817 3231 3148 3297 multumque
3176 3229 3227 3282 in
3254 3244 3314 3282 ea
3343 3229 3683 3297 splendorem
3709 3229 3878 3283 emit.-

2277 3334 2381 3390 tet;
2411 3333 2570 3393 atque
2592 3325 2642 3376 in
2669 3321 2822 3376 nobis
2843 3323 2955 3374 ltcx
3002 3321 3372 3374 universorum
3405 3319 3660 3375 continue
3684 3318 3874 3373 direr-

2274 3417 2496 3473 sabitur.
2520 3414 2671 3480 Quod
2699 3415 2744 3468 si
2773 3414 2844 3468 ita
2875 3413 3145 3469 Christum
3195 3412 3248 3466 in
3294 3412 3394 3466 hac
3422 3412 3528 3465 vita
3559 3412 3873 3481 susceperi-

2274 3525 2413 3573 mus,
2449 3516 2570 3579 post
2619 3514 2858 3562 nostrum
2909 3521 2971 3559 ex
3020 3520 3081 3560 ea
3125 3505 3418 3560 discessum
3458 3504 3755 3575 poterimus
3813 3504 3872 3558 in

2273 3613 2472 3658 aeterna
2504 3600 2666 3668 recipi
2695 3598 3030 3654 tabernacula
3063 3596 3240 3666 :quod
3271 3595 3422 3650 nobis
3449 3594 3700 3648 omnibus
3721 3609 3867 3664 prae-

2272 3705 2415 3749 stare
2431 3692 2678 3762 dignetur
2703 3691 2869 3761 gratia
2899 3699 2953 3744 et
2982 3688 3277 3758 benignitas
3307 3685 3516 3741 Domini
3542 3687 3711 3740 nostri
3736 3679 3871 3741 .lesu

2271 3785 2503 3850 Christi,
2531 3800 2623 3854 per
2660 3798 2817 3853 quem
2848 3793 2901 3838 et
2922 3797 3039 3835 cum
3070 3796 3176 3850 quo
3206 3778 3349 3834 Patri
3369 3777 3537 3848 gloria
3558 3819 3574 3843 ,
3604 3791 3708 3831 una
3738 3792 3868 3832 cunt

2271 3886 2458 3931 sancto
2509 3885 2562 3930 et
2611 3873 2819 3929 vivifieo
2870 3873 3107 3942 Spiritu.
3174 3871 3228 3926 in
3265 3869 3460 3925 saecula
3513 3869 3868 3926 satculorum.

2276 3971 2469 4023 Amen.

3569 4182 3756 4189 —

1493 4195 1598 4201 —_...
1613 4193 1992 4201 ημ-ςμρτ--ι--ρ-..α
2005 4194 2056 4199 -...
2079 4195 2098 4199 ,ν
2114 4196 2160 4201 κ’,

1393 4183 1456 4203 .;_‘..
1462 4197 1474 4200 -

1639 4458 1712 4524 ΙΝ
1758 4458 2132 4522 IIOMILIAM
2168 4458 2265 4515 DE
2295 4458 2571 4517 TEBRIE
2622 4458 2829 4516 MOTU

667 4756 992 4833 [7l7JAliam
1020 4757 1289 4814 edidimus
1319 4756 1596 4814 homiliam
1619 4756 1844 4809 interra:
1862 4764 2221 4824 motum,quae
2243 4765 2324 4812 est
2345 4767 2492 4811 sexta
2523 4757 2584 4810 de
2617 4753 2826 4810 Lazaro
2847 4753 2909 4809 T.
2929 4757 3032 4822 l,in
3063 4758 3221 4827 cujus
3236 4757 3440 4813 Monito
3466 4776 3519 4830 p.
3547 4761 3648 4815 77?.
3677 4766 3870 4821 multis

592 4890 717 4933 eum
745 4871 1149 4943 Chrysostomi.
1193 4878 1307 4926 tum
1341 4868 1574 4954 aliorptn
1607 4867 1937 4924 testimoniis
1970 4870 2323 4938 probavimus
2354 4869 2702 4923 Antiochiam
2741 4867 3119 4939 frequentibus
3159 4880 3317 4927 terrae
3357 4875 3598 4935 motibus
3628 4891 3868 4934 succus-
3896 4891 3900 4895 ·

594 5007 733 5056 san,
767 4990 1113 5056 maximeque
1144 4994 1302 5040 atate
1336 4984 1711 5053 Chrysostomi
1748 4982 1937 5038 fuisse.
1979 4983 2027 5038 Is
2055 4991 2236 5037 autem
2269 4991 2425 5038 terra:
2453 4992 2657 5047 motus,
2684 4982 2864 5052 quode
2907 4998 3053 5038 nunc
3086 4983 3285 5054 agitur,
3315 4995 3447 5042 tunc
3483 4989 3703 5055 accidit,
3739 5008 3865 5047 cum

593 5107 1020 5175 Chrysostomus
1044 5118 1185 5173 regor
1220 5104 1272 5157 in
1302 5103 1440 5157 lecto
1462 5105 1816 5157 decumberet
1849 5122 1860 5157 :
1892 5108 1982 5174 qui
2009 5115 2066 5158 ttt
2101 5106 2298 5161 ardens
2328 5117 2443 5160 erat
2469 5107 2652 5160 studio
2680 5107 3028 5161 instituenda;
3054 5109 3249 5177 plebis,
3282 5120 3531 5165 mmstam
3566 5114 3715 5168 illam
3740 5131 3867 5171 cer-

594 5234 729 5272 nens
753 5219 824 5271 ob
848 5219 1186 5289 ingruentem
1217 5219 1602 5281 calamitatem,
1631 5219 1782 5272 nullo
1820 5218 2042 5274 allectus
2080 5220 2256 5274 morbi
2282 5235 2470 5288 sensu,
2507 5221 2572 5274 ad
2608 5215 2822 5291 gregem
2855 5221 3128 5276 advolavit
3160 5242 3173 5276 :
3212 5225 3358 5292 quod
3400 5223 3620 5293 quidem
3656 5228 3748 5284 ille
3779 5231 3868 5284 in-

595 5338 716 5392 nuit
741 5352 864 5392 cum
908 5339 1021 5392 ait:
1067 5339 1218 5392 Verbi
1258 5340 1502 5392 doctrina
1533 5338 1903 5407 aegritudinem
1938 5356 2105 5394 nteant
2142 5340 2194 5392 in
2226 5338 2420 5392 bonam
2466 5339 2821 5392 valetudinem
2847 5342 3087 5394 mutauit.
3117 5340 3243 5394 llaec
3287 5359 3453 5412 porro
3490 5345 3683 5399 concio
3709 5357 3866 5400 extra

593 5459 784 5512 urbem
814 5457 865 5509 in
909 5457 1091 5523 aliqua
1117 5459 1496 5521 ecclesiarum,
1531 5475 1668 5527 quas
1698 5459 1878 5527 populi
1908 5459 2232 5514 Antiocheni
2262 5461 2462 5529 pietate
2491 5459 2635 5512 ducti
2672 5458 3113 5528 frequentabant,
3140 5459 3378 5514 habitam
3421 5459 3589 5516 fuisse
3632 5463 3867 5516 suadent

598 5596 705 5635 non
745 5592 914 5650 prora
942 5581 1316 5650 Chrysostomi
1351 5583 1535 5647 verba,
1569 5587 1660 5651 qui
1690 5584 1947 5651 populum
1982 5599 2089 5638 non
2119 5586 2284 5640 semel
2316 5585 2502 5638 laudat
2544 5584 2611 5638 oh
2649 5594 2960 5653 susceptum
2989 5585 3242 5641 audiendi
3272 5602 3435 5641 causa
3461 5584 3674 5640 itineris
3709 5585 3867 5642 labo-
