4084 6448
309 445 416 500 ἨΞ

1584 429 1669 485 DE
1704 426 1964 486 TEDRE
2002 426 2211 486 IIOTU.

427 565 2679 598 Μ

3502 433 3603 488 7η

933 584 1440 754 ᾗοΜΠλΙΑ
1484 649 1774 735 POST
1817 584 2245 732 TEIm/E
2309 649 2756 772 MOTUM
2805 637 2909 730 (α),

1788 807 2107 858 «ουρ»

371 962 715 1034 Chrysmtomi
766 973 885 1028 erga
935 969 1134 1026 gregem
1188 951 1414 1014 caritas;
1467 945 1896 1034 durior-Icenorum

301 1057 460 1125 pietas
520 1041 864 1106 calamitatum
887 1051 1102 1118 fructus.
1125 1072 1199 1085 —
1229 1041 1338 1096 Etsi
1381 1039 1608 1093 adversa
1646 1033 1898 1091 valetudo

301 1146 637 1216 impedierit,
671 1139 956 1212 quominus
987 1135 1258 1189 vobiscum
1303 1129 1635 1200 spiritualem
1669 1127 1897 1183 chorum

298 1250 610 1309 ageremus,
643 1246 740 1287 vos
786 1240 962 1285 tamen
1016 1226 1219 1281 itineris
1262 1223 1414 1310 labor
1458 1235 1564 1284 non
1614 1218 1894 1310 deterruit.

300 1307 451 1383 Licet
483 1327 626 1380 enim
656 1322 808 1376 labor
835 1319 924 1374 ille
949 1333 1044 1372 vos
1080 1315 1248 1374 multo
1281 1307 1477 1368 sudare
1522 1309 1765 1380 perfusos
1791 1307 1898 1362 huc

300 1418 600 1479 adduxerit,
641 1424 696 1468 at
727 1412 874 1467 verbi
905 1409 1144 1465 doctrina
1172 1422 1294 1462 cum
1321 1403 1689 1474 aegritudinem
1720 1415 1894 1454 meum

299 1513 355 1567 in
382 1511 571 1564 bonam
599 1505 958 1562 valetudinem
986 1501 1225 1560 mutavit,
1260 1511 1370 1552 tum
1395 1497 1630 1550 laborem
1657 1501 1894 1549 vestrum

300 1618 396 1671 per
422 1575 770 1671 psalmodiam
802 1594 1083 1652 recreavit.
1117 1590 1319 1646 Idcirco
1357 1601 1532 1657 neque
1556 1599 1656 1654 ego
1695 1581 1768 1637 ob
1807 1583 1894 1636 itt-

301 1697 608 1752 firmitatem
641 1691 875 1760 linguam
905 1685 1142 1750 coercui,
1175 1695 1348 1751 neque
1374 1692 1471 1734 vos
1499 1673 1894 1747 defatigationis

300 1805 431 1859 ergo
459 1787 644 1842 audire
667 1783 961 1846 abnuistis;
991 1779 1087 1835 sed
1108 1776 1268 1832 simul
1295 1783 1456 1845 atque
1474 1785 1655 1828 sermo
1676 1767 1891 1859 prodiit,

300 1857 611 1948 defatigatio
659 1873 950 1938 abscessit;
989 1884 1110 1924 cum
1151 1866 1381 1937 primum
1420 1861 1659 1917 doctrina
1690 1857 1893 1928 prolata

299 1981 418 2036 est,
451 1967 711 2024 lassitudo
756 1964 976 2034 aufugit.
1009 1961 1143 2016 Nam
1191 1954 1452 2027 regritudo
1491 1963 1547 2009 et
1586 1951 1896 2021 defetigatio

298 2063 540 2131 corporis
565 2069 711 2124 sunt,
739 2055 980 2111 doctrina
1006 2067 1134 2106 vero
1161 2048 1324 2103 animi
1362 2060 1499 2116 Opus
1529 2053 1689 2113 atque
1722 2040 1894 2095 medi-

299 2155 440 2206 cina.
463 2150 731 2218 Quantum
757 2157 935 2201 autem
964 2141 1176 2213 corpori
1205 2145 1422 2209 przestat
1447 2137 1622 2190 anima
1643 2176 1658 2202 ,
1690 2141 1894 2188 tantum

302 2242 462 2312 hujus
503 2255 664 2310 opera
705 2246 831 2291 sunt
871 2232 1264 2305 praestantiora.
1293 2228 1524 2318 Ideoque
1553 2241 1659 2281 non
1705 2224 1896 2318 morbo

301 2344 528 2399 tantum,
547 2333 640 2388 sed
661 2331 928 2386 sexcentis
944 2329 1104 2384 etiam
1125 2326 1244 2380 aliis
1270 2322 1634 2394 ingruentibus
1652 2317 1896 2374 obicibus

302 2434 531 2480 vestram
562 2424 836 2478 caritatem
867 2419 1151 2489 complecti
1187 2429 1476 2486 numquam
1511 2412 1716 2467 cessavi
1748 2427 1760 2464 :
1795 2423 1894 2463 nc-

299 2534 404 2588 que
437 2517 595 2571 hodie
630 2517 697 2570 ab
735 2516 832 2568 hac
862 2513 1116 2583 prmelara
1150 2507 1490 2565 solemnitate
1517 2503 1706 2558 abesse
1725 2499 1891 2557 volui.

300 2610 407 2664 Sed
440 2605 933 2678 hactenusquidem
957 2602 1097 2656 lecto
1119 2598 1263 2653 affixi
1292 2609 1530 2658 eramus,
1554 2593 1694 2648 Deus
1716 2602 1894 2644 tamen

301 2719 407 2756 non
439 2701 700 2770 permisit,
733 2707 787 2751 ut
817 2695 956 2750 fame
1000 2695 1209 2762 penitus
1252 2688 1626 2746 deficeremus.
1657 2683 1725 2741 Ut
1748 2684 1894 2739 enim

301 2792 455 2846 vobis
492 2791 658 2847 fames
687 2799 768 2844 est
797 2803 901 2842 non
949 2784 1133 2839 audire
1156 2823 1174 2850 ,
1205 2783 1284 2836 sic
1321 2790 1377 2835 et
1404 2779 1533 2833 mihi
1573 2777 1744 2831 fames
1786 2789 1891 2828 non

298 2881 630 2936 concionari.
659 2879 737 2933 Ad
767 2877 1014 2934 eumdem
1045 2875 1260 2929 modqu
1303 2879 1359 2927 et
1406 2878 1579 2925 mater
1626 2875 1894 2938 :egrotaus

299 2972 511 3031 estrabi
534 2987 818 3028 mammam
843 2985 997 3026 suam
1027 2967 1094 3022 ab
1117 2967 1317 3021 infante
1342 2964 1510 3028 malit,
1536 2977 1693 3031 quam
1716 2963 1892 3031 ipsum

301 3067 442 3122 fame
482 3067 838 3119 tabescentem
870 3061 1054 3116 videro
1084 3078 1098 3115 :
1130 3057 1371 3113 trahatur
1390 3065 1454 3111 et
1497 3053 1628 3109 mihi
1671 3066 1890 3122 corpus.

298 3160 432 3228 Quis
454 3160 597 3214 enim
627 3175 732 3212 non
765 3157 950 3211 lubens
977 3169 1074 3224 pro
1102 3153 1251 3207 vobis
1269 3149 1429 3206 etiam
1459 3147 1769 3218 sanguinem
1805 3143 1898 3200 fuo'

298 3253 478 3316 derit,
503 3251 629 3305 viris
659 3260 802 3304 tanta
833 3249 1026 3318 pietate
1049 3288 1064 3311 ,
1092 3256 1241 3300 tanto
1273 3241 1524 3299 audiendi
1567 3240 1745 3296 studio
1785 3238 1891 3294 fer-

301 3343 545 3398 ventibus
575 3357 590 3398 :
615 3342 706 3412 qui
734 3353 839 3395 tam
878 3340 1070 3408 exiguo
1117 3337 1374 3406 temporis
1411 3341 1686 3390 momento
1715 3331 1889 3401 pinni-

300 3436 524 3491 tentiam
553 3432 885 3490 eshibeatis?
911 3431 1055 3485 Inter
1083 3430 1222 3484 diem
1253 3437 1307 3482 et
1345 3435 1556 3482 noctem
1601 3423 1891 3480 discrimen

301 3543 407 3581 non
454 3526 650 3588 nostis,
679 3524 773 3578 sed
812 3534 1094 3591 utrumque
1123 3530 1330 3592 tempus
1357 3520 1498 3575 diem
1532 3518 1701 3574 facitis
1724 3560 1739 3583 ,
1783 3532 1891 3572 non

301 3631 479 3673 aerem
499 3626 763 3671 mutantes
789 3613 880 3669 sed
906 3612 1196 3684 pervigiliis
1213 3620 1396 3666 noctes
1419 3611 1893 3666 illustranteszno-

299 3716 414 3762 etes
438 3707 588 3760 vobis
610 3707 901 3769 insomnes,
924 3704 1097 3759 somni
1116 3702 1355 3775 tyrannis
1376 3701 1548 3758 soluta
1578 3709 1660 3756 est
1684 3718 1697 3754 :
1731 3699 1890 3755 Chri-

300 3797 367 3851 sti
386 3813 613 3867 namque
625 3811 776 3850 amor
795 3806 996 3849 uatum:
1019 3793 1378 3849 inﬁrmitatem
1395 3793 1539 3847 vicit.
1560 3793 1641 3847 Ab
1660 3791 1891 3845 humana

298 3889 602 3943 conditione
620 3901 844 3956 corpora
865 3886 1152 3952 liberastis,
1172 3884 1311 3955 quod
1333 3884 1554 3939 virtutes
1579 3881 1888 3950 imitemini,

298 3979 426 4034 dum
459 3989 631 4034 tantas
672 3980 877 4050 vigilias
909 3979 1210 4049 suscipitis,
1239 3977 1547 4032 diuturnum
1585 3976 1887 4046 jejunium,

301 4080 505 4126 tantum
532 4072 739 4126 itineris
764 4071 1000 4126 laborem
1021 4112 1038 4140 ,
1073 4071 1310 4125 laborem
1353 4069 1559 4125 scilicet
1592 4069 1635 4122 si
1668 4077 1885 4133 natura,

299 4163 530 4231 quietem
557 4163 602 4217 si
633 4163 880 4218 voluntas
928 4172 1221 4234 spectetur.
1254 4162 1352 4217 IIic
1401 4161 1608 4218 timoris
1644 4161 1848 4217 fructus
1871 4200 1888 4227 ,

303 4254 388 4307 hic
415 4268 478 4308 ex
509 4262 664 4308 terra:
685 4263 834 4308 motu
860 4262 1171 4324 proventus,
1196 4267 1390 4322 nempe
1415 4261 1708 4323 proventus
1734 4268 1890 4306 num-

300 4359 460 4413 quam
489 4343 886 4399 consumendus
905 4385 920 4410 ,
954 4352 1243 4414 proventus
1272 4345 1362 4415 qui
1392 4353 1447 4401 et
1476 4357 1767 4415 pauperum
1808 4343 1889 4399 fa-

298 4436 529 4492 cultates
567 4444 760 4508 auget,
786 4444 840 4492 et
880 4435 1133 4493 divitibus
1159 4436 1460 4492 divitiarum
1490 4437 1729 4494 accessio
1757 4447 1840 4493 est
1871 4453 1886 4491 :

300 4541 409 4582 non
456 4527 605 4582 novit
651 4536 1058 4598 paupertatem,
1109 4544 1216 4584 non
1271 4527 1420 4584 novit
1461 4529 1692 4584 divitias.
1732 4527 1891 4585 Venit

301 4632 459 4674 terra:
484 4629 682 4686 motus,
703 4629 759 4677 et
783 4621 907 4677 vita:
930 4621 1343 4694 inequalitatem
1365 4622 1597 4678 sustulit.
1616 4622 1716 4679 Ubi
1748 4637 1892 4679 nunc

297 4721 426 4771 sunt
452 4715 542 4785 qui
568 4715 753 4771 sericis
778 4715 1166 4770 induebamur?
1187 4716 1275 4770 ubi
1305 4716 1533 4771 aurum?
1557 4716 1684 4772 Hzec
1708 4716 1889 4771 omnia

298 4805 600 4868 evolarunt,
629 4805 860 4872 facilius,
886 4822 1047 4877 quam
1071 4822 1283 4863 aranea:
1308 4808 1432 4874 tela,
1463 4808 1718 4878 dissipata
1740 4817 1895 4872 sunt.

298 4906 355 4951 et
383 4895 522 4952 fluxa
549 4899 718 4968 magis
744 4898 1082 4968 quam°verni
1108 4898 1268 4953 flores
1288 4898 1622 4967 deprehensa
1646 4908 1790 4954 sunt.
1819 4901 1890 4954 At

297 4990 422 5055 quia
454 4997 693 5055 paratum
726 4996 960 5044 vestrum
1001 4991 1238 5043 animum
1268 4989 1445 5054 video,
1474 4990 1754 5045 lautiorem
1791 5007 1888 5045 vo-

299 5077 382 5131 bis
405 5091 642 5132 mensam
668 5093 940 5148 apponere
966 5080 1109 5134 volo.
1138 5079 1375 5150 Corpora
1404 5089 1579 5137 vestra
1609 5081 1771 5149 fessa,
1793 5082 1889 5139 sed

297 5169 537 5236 animum
582 5159 827 5242 vegetum
873 5173 1160 5242 perspicio.
1192 5173 1336 5232 Multi
1383 5174 1636 5231 sudorum
1678 5176 1885 5243 fontes,

297 5258 394 5313 sed
442 5261 822 5315 conscientiam
865 5261 1198 5332 abstergunt.
1230 5262 1363 5318 Nam
1409 5265 1454 5319 si
1497 5266 1713 5321 athleta:
1760 5281 1887 5321 san-

297 5349 457 5422 guine
477 5349 886 5419 perfunduntur,
918 5363 976 5408 ut
1004 5353 1136 5408 lauri
1168 5345 1312 5409 foliis
1334 5354 1622 5423 donentur,
1647 5373 1766 5427 qua:
1793 5358 1891 5413 bo—

296 5442 386 5496 die
435 5440 592 5510 data,
638 5457 758 5499 cras
806 5455 1138 5502 marcescent
1167 5464 1180 5500 :
1214 5448 1381 5503 multo
1423 5453 1595 5520 magis
1631 5466 1725 5505 vos
1749 5494 1764 5516 ,
1797 5453 1886 5522 qui

302 5532 564 5588 bonorum
593 5547 816 5603 operum
839 5545 1110 5592 certamen
1139 5538 1334 5594 iniistis
1357 5581 1375 5605 ,
1398 5556 1494 5609 par
1517 5549 1601 5596 est
1628 5557 1728 5598 nec
1759 5558 1887 5600 suc-

297 5624 553 5680 cumbere
577 5639 679 5680 nec
705 5628 932 5683 emolliri
961 5628 1233 5684 laboribus
1259 5645 1360 5700 pro
1379 5632 1574 5688 virtute
1602 5635 1883 5704 susceptis.

217 5795 225 5800 -
295 5837 309 5851 _
346 5777 433 5851 Δ(τι)
463 5779 716 5851 Exscripta
745 5781 944 5851 estad.
970 5784 1196 5851 Vaticano
1208 5799 1263 5851 ξι.
1287 5786 1397 5848 57f,
1425 5794 1479 5838 x1
1505 5789 1688 5851 smculi,
1715 5797 1765 5842 et
1789 5791 1884 5843 cot-

295 5837 392 5896 ιω
414 5837 524 5893 ιω
545 5837 663 5895 ﬁdit.
689 5843 940 5896 Combefis.
966 5858 1093 5899 anno
1116 5847 1244 5902 I656,

2008 937 2259 997 Vestrum
2284 944 2548 998 theatrum
2576 944 2706 1000 mihi
2723 959 2932 1000 corona
2961 955 3061 1011 est,
3093 960 3340 1017 unusque
3366 957 3604 1002 vestrmn

2006 1033 2223 1087 auditor
2250 1035 2470 1103 perinde
2493 1035 2624 1091 mihi
2641 1044 2743 1096 est,
2775 1046 2936 1107 atque
2961 1045 3071 1091 tota
3100 1037 3314 1093 civitas.
3333 1037 3436 1092 Alii
3461 1040 3604 1092 enim

2007 1133 2248 1179 crateras
2275 1134 2400 1194 potu
2428 1134 2753 1181 coronarunt
2776 1169 2792 1193 ,
2814 1126 2904 1182 alii
2929 1127 3165 1182 satanica
3189 1129 3433 1182 convivia
3459 1131 3604 1184 cele-

2007 1214 2257 1279 brarunt,
2278 1217 2367 1282 alii
2399 1217 2596 1278 lautam
2634 1232 2962 1287 apparavere
2995 1229 3235 1273 mensam
3268 1234 3404 1274 :vos
3423 1231 3602 1275 autem

2007 1307 2343 1378 pervigilium
2368 1318 2573 1364 tantum
2598 1310 2904 1382 peregistis,
2927 1321 3196 1382 totamque
3226 1313 3412 1368 urbem
3443 1315 3604 1369 vesti-

2006 1395 2108 1464 giis
2134 1406 2444 1453 sanctorum
2474 1399 2667 1468 pedum
2694 1409 2995 1456 vestrorum
3017 1403 3363 1465 emundastis.
3393 1404 3604 1468 incessu

2006 1485 2181 1541 forum
2197 1491 2404 1544 emensi
2423 1491 2574 1556 estis,
2592 1499 2649 1548 et
2674 1506 2853 1557 aerem
2874 1493 3269 1550 sanctificastis.
3285 1495 3393 1551 Aer
3407 1497 3605 1566 quippe

2005 1590 2223 1636 sanctus
2265 1580 2499 1637 efficitur
2527 1598 2622 1652 per
2659 1584 3008 1654 psalmodiam
3035 1628 3050 1652 ,
3081 1595 3139 1641 ut
3179 1587 3404 1643 audistis
3446 1589 3605 1645 hodie
3643 1642 3649 1646 .

2007 1670 2172 1725 Deum
2202 1671 2370 1744 Moysi
2404 1673 2675 1739 dicentem
2706 1692 2719 1728 :
2751 1675 2918 1750 Locus
2942 1677 3095 1742 enim,
3119 1678 3171 1731 in
3186 1694 3284 1748 quo
3314 1686 3438 1743 stas,
3470 1690 3605 1732 terra

2003 1771 2181 1815 sancta
2209 1772 2282 1816 est
2312 1762 2332 1835 (
2353 1761 2524 1818 Exod.
2551 1765 2605 1820 5.
2628 1766 2706 1837 5).
2731 1763 3115 1822 Sanctificastis
3140 1768 3312 1823 solum
3337 1811 3354 1835 ,
3381 1769 3552 1824 forum
3583 1787 3599 1835 ;

2005 1851 2193 1907 urbem
2216 1854 2370 1909 nobis
2389 1854 2673 1911 ecclesiam
2701 1857 2919 1912 fecistis.
2937 1859 3014 1912 Ac
3034 1859 3172 1914 sicut
3193 1868 3404 1915 torrens
3423 1876 3604 1916 erum-

2006 1959 2139 2013 pens
2159 1961 2352 2016 magno
2372 1962 2630 2017 aquarum
2652 1949 2851 2018 impetu
2871 1951 3050 2005 omnia
3070 1951 3282 2016 evertit,
3298 1953 3376 2007 sic
3392 1961 3605 2010 torrens

2005 2036 2094 2089 ille
2150 2036 2444 2105 spiritualis
2466 2079 2482 2101 ,
2512 2037 2711 2094 flumen
2759 2041 2851 2096 Dei
2881 2041 3158 2096 lzetificans
3190 2043 3473 2099 "civitatem
3509 2044 3601 2100 Dei

2006 2124 2333 2195 (Psaf.45.5.
2351 2138 2400 2183 et
2417 2127 2505 2184 64.
2530 2130 2923 2200 10),’repletum
2947 2142 3027 2186 est
3041 2130 3215 2202 aquis,
3233 2144 3393 2205 atque
3415 2135 3604 2206 impie-

2007 2221 2130 2274 tatis
2147 2234 2360 2276 cmnum
2383 2237 2444 2277 ex
2455 2225 2714 2294 purgavit.
2733 2223 2902 2280 Nemo
2929 2218 3263 2297 impudicus;
3283 2215 3390 2283 imo
3411 2230 3454 2284 si
3481 2231 3604 2298 quis

2005 2318 2304 2387 impudicus
2327 2319 2502 2374 adhuc
2521 2329 2602 2375 est
2621 2361 2637 2385 ,
2661 2318 2706 2375 is
2728 2321 3158 2377 transformatur.
3193 2323 3392 2380 Vocem
3431 2325 3608 2392 audit,‘

2002 2417 2058 2464 et
2081 2411 2290 2465 animus
2320 2410 2730 2467 transformatur
2754 2431 2768 2466 :
2795 2413 2956 2468 intrat
2984 2414 3210 2470 melodia
3231 2457 3247 2482 ,
3280 2424 3335 2470 et
3359 2416 3606 2486 impietas

2003 2511 2388 2558 transmutatnr
2415 2521 2429 2558 :
2464 2505 2712 2575 fugantur
2734 2506 2967 2560 avaritiae
2995 2507 3187 2562 morbi.
3221 2508 3445 2565 Etiamsi
3477 2524 3604 2566 vero

2003 2609 2111 2649 non
2140 2593 2421 2665 fugentur;
2450 2587 2506 2650 at
2546 2596 2997 2665 quemadmodum
3044 2597 3174 2652 fera:
3225 2599 3417 2670 hyeme
3459 2615 3520 2655 se
3548 2602 3602 2656 in

2005 2684 2190 2740 lustris
2221 2687 2521 2753 continent,
2541 2687 2620 2741 sic
2649 2696 2704 2742 et
2727 2688 2938 2742 animus
2965 2686 3242 2744 luxurians
3267 2704 3388 2744 sese
3415 2691 3560 2774 abdit
3584 2708 3600 2755 ;

1971 2791 1974 2796 '
2000 2792 2064 2833 ac
2093 2779 2554 2850 sicutserpeutcs,
2586 2778 2788 2851 frigore
2809 2797 2995 2835 eorum
3023 2796 3252 2852 corpora
3281 2784 3602 2853 congelante

2001 2870 2055 2924 in
2079 2870 2183 2924 ima
2214 2885 2273 2926 se
2303 2871 2589 2941 recipiunt,
2615 2871 2694 2927 sic
2717 2879 2774 2927 et
2794 2871 3085 2927 illiberales
3112 2881 3167 2928 et
3187 2873 3411 2929 serviles
3436 2876 3603 2932 animi

1999 2959 2311 3020 affectiones
2343 2979 2439 3020 ceu
2477 2965 2529 3018 in
2579 2963 2901 3034 profundum
2940 2965 3210 3035 quoddam
3240 2981 3361 3022 sese
3391 2967 3605 3023 demer-

1998 3063 2132 3124 gunt
2159 3065 2214 3112 et
2240 3055 2463 3112 abdunt.
2500 3056 2693 3128 Utique
2719 3056 2773 3122 ii,
2806 3058 2896 3127 qui
2922 3057 3040 3115 haec
3070 3057 3473 3124 circumferunt,
3505 3075 3604 3130 pu-

1999 3147 2133 3204 dore
2162 3147 2505 3204 afflciuntur:
2534 3164 2656 3204 nam
2693 3163 2755 3205 ea
2792 3149 3012 3219 quidem
3052 3149 3479 3218 circumferunt,
3503 3152 3602 3208 sed

2000 3252 2265 3298 emortua.
2295 3242 2429 3313 Ipsis
2456 3243 2652 3313 quippe
2680 3242 2909 3297 melodia
2938 3252 3235 3313 cantusque
3265 3252 3443 3299 vester
3464 3244 3600 3316 hye-

2000 3339 2103 3393 mis
2143 3338 2262 3394 loco
2289 3345 2392 3394 est.
2421 3337 2478 3392 In
2504 3337 2650 3392 avari
2676 3350 2835 3391 aures
2859 3352 2960 3391 vos
2989 3337 3181 3402 intrat,
3213 3351 3277 3392 ac
3304 3337 3426 3392 licet
3453 3353 3601 3392 mor-

1999 3431 2124 3486 bum
2153 3444 2257 3485 non
2288 3429 2464 3500 ejiciat
2485 3470 2501 3496 ,
2533 3428 2674 3498 sopit
2702 3437 2878 3483 tamen
2908 3437 2963 3483 ct
2990 3428 3141 3498 quasi
3170 3438 3437 3483 mortuum
3480 3431 3604 3484 red-

1998 3519 2119 3576 dit:
2150 3521 2204 3575 in
2246 3533 2404 3576 aures
2450 3520 2614 3574 intrat
2650 3518 2903 3588 impudici
2956 3529 3011 3573 et
3050 3521 3266 3590 superbi
3298 3536 3313 3586 ;
3343 3523 3444 3577 etsi
3494 3536 3602 3577 non

1998 3613 2304 3682 exstinguat
2329 3608 2714 3681 impudicitiam
2741 3621 2794 3666 et
2829 3608 3136 3680 superbiam
3157 3651 3173 3678 ,
3207 3621 3489 3683 utramque
3522 3621 3603 3668 ta-

1999 3720 2121 3760 men
2152 3719 2250 3760 ceu
2289 3703 2511 3760 defodit.
2561 3701 2746 3772 Neque
2788 3717 2915 3757 vero
2955 3703 3163 3757 modica
3209 3718 3296 3757 res
3337 3713 3447 3766 est,
3475 3719 3603 3759 cum

1998 3796 2232 3866 nequitia
2265 3809 2369 3849 non
2402 3794 2570 3849 libere
2601 3793 2820 3864 prodire
2859 3793 3040 3849 audet.
3076 3793 3325 3849 Dicebam
3357 3803 3413 3851 et
3439 3794 3554 3850 heri
3578 3837 3597 3866 ,

1998 3901 2248 3959 magnum
2279 3900 2347 3942 ex
2377 3895 2534 3941 terrae
2575 3886 2810 3940 motibus
2842 3899 3119 3956 emergere
3163 3871 3417 3941 fructum.
3446 3885 3596 3942 Vidi-
3678 3876 3684 3881 ’

1996 3981 2095 4036 Stis
2123 3980 2334 4036 Domini
2377 3980 2750 4045 clementiam,
2778 3980 2869 4051 qui
2907 3979 3035 4035 dum
3084 3981 3274 4037 urbem
3320 3983 3595 4050 concutit,

1997 4080 2232 4128 mentem
2273 4071 2482 4135 firmat;
2514 4072 2640 4126 dum
2688 4071 3031 4128 fundamenta
3069 4084 3400 4136 commovet.
3434 4077 3598 4131 animi

1996 4178 2154 4221 sensa
2179 4173 2426 4221 constare
2453 4173 2740 4234 procurat;
2769 4163 2894 4219 dum
2924 4164 3111 4220 urbem
3142 4165 3447 4234 labefactat,
3477 4168 3596 4222 ani-

1997 4269 2146 4310 mum
2186 4254 2449 4310 roborat?
2475 4254 2606 4324 Ejus
2650 4254 3030 4325 benignitatem
3076 4257 3249 4326 cogita
3285 4274 3297 4307 :
3333 4257 3595 4312 tantillum

1995 4346 2316 4418 exagitavit,
2358 4354 2415 4402 et
2457 4347 2509 4400 in
2553 4356 2873 4416 perpetuum.
2919 4347 3150 4402 firmavit
3191 4365 3206 4400 :
3251 4347 3398 4403 bidui
3437 4358 3597 4406 terra!

1995 4446 2175 4499 motus
2203 4437 2337 4504 fuit,
2366 4446 2422 4492 at
2448 4437 2502 4492 in
2529 4449 2841 4513 perpetuum
2866 4438 3034 4508 pietas
3073 4450 3284 4494 maneat
3310 4457 3323 4493 :
3357 4439 3422 4494 ad
3471 4457 3589 4494 tno-

1995 4527 2172 4596 dicum
2207 4537 2414 4598 tempus
2442 4526 2690 4582 doluistis
2711 4569 2725 4592 ,
2759 4539 2815 4582 at
2843 4529 2894 4582 in
2919 4539 3230 4599 perpetuum
3259 4530 3465 4586 radices
3492 4533 3595 4586 mi-

1995 4619 2159 4675 sistis.
2192 4619 2337 4674 Bene
2361 4620 2558 4690 quippe
2600 4620 2724 4674 novi
2764 4635 2830 4674 cx
2862 4621 3052 4676 timore
3083 4621 3174 4675 Dei
3219 4623 3471 4693 pietatem
3501 4639 3595 4680 ve-

1995 4721 2163 4767 stram
2204 4713 2414 4766 radices
2473 4711 2718 4780 posuisse
2763 4728 2775 4765 :
2819 4713 2920 4768 etsi
2975 4713 3224 4769 remissio
3273 4715 3381 4781 sit,
3415 4727 3595 4772 manet

1996 4805 2178 4874 utique
2222 4802 2444 4857 fructus.
2477 4802 2591 4857 Non
2624 4804 2761 4857 ultra
2809 4805 2979 4872 spina:
3029 4803 3254 4860 aderunt
3282 4823 3401 4876 qua:
3432 4808 3592 4863 suffo-

1993 4905 2146 4962 cent,
2179 4911 2356 4966 neque
2395 4896 2572 4967 pluvia
2612 4897 2889 4951 exundans
2928 4898 3162 4954 obruet:
3196 4901 3363 4970 probe
3390 4917 3489 4957 vos
3517 4905 3593 4957 tiv-
3648 4931 3655 4938 -

1995 5005 2114 5043 mor
2154 4989 2424 5054 excoluit,
2451 4989 2816 5058 doctrinmque
2845 5005 2979 5046 mea:
3016 5006 3170 5061 opem
3212 4993 3355 5049 tulit.
3384 4994 3467 5050 Me
3507 5005 3593 5052 ta-

1993 5089 2153 5137 cente
2204 5079 2548 5136 fundamenta
2603 5080 2892 5150 loquuntur
2949 5101 2963 5136 :
3020 5097 3108 5138 me
3155 5093 3366 5140 tacente
3436 5096 3599 5143 terra:

1995 5181 2174 5227 motus
2199 5172 2339 5227 tuba:
2367 5171 2620 5241 clangore
2661 5171 2944 5227 clariorem
2969 5173 3166 5228 emittit
3191 5189 3376 5230 vocem
3410 5177 3595 5248 hujus-

1994 5262 2138 5317 modi
2172 5279 2185 5314 :
2220 5262 2508 5318 Misericors
2552 5272 2598 5316 et
2641 5262 2906 5316 miseratur
2955 5262 3249 5328 Dominus;
3287 5269 3598 5340 longunimis

1993 5364 2042 5409 et
2068 5355 2283 5410 multum
2312 5355 2595 5425 misericors
2628 5352 2810 5424 (Psal.
2849 5355 2969 5410 102.
3000 5357 3053 5412 8.
3086 5357 3195 5428 9):
3227 5362 3450 5428 timessi,
3487 5378 3594 5417 non

1949 5469 1960 5483 ι
1995 5455 2053 5501 ιιι
2080 5461 2178 5502 vos
2202 5446 2484 5502 obruerem
2503 5487 2517 5508 ,
2543 5445 2635 5501 sed
2673 5455 2730 5500 ut
2759 5461 2952 5501 nervos
2993 5447 3143 5502 vobis
3171 5449 3445 5507 adderem.
3470 5454 3595 5509 lIa-c

1948 5604 1950 5607 ι
1996 5548 2151 5594 terra:
2181 5547 2359 5593 motus
2386 5538 2642 5608 loquitur,
2673 5551 2737 5592 ac
2779 5553 2966 5593 vocem
2990 5539 3186 5594 emittit
3211 5558 3225 5595 :
3257 5541 3448 5598 Terrui
3474 5562 3586 5610 vos,

1995 5645 2100 5684 non
2147 5638 2205 5684 ut
2231 5629 2471 5684 molestia
2501 5628 2770 5684 afficerem
2797 5671 2813 5696 ,
2856 5629 2950 5684 sed
2986 5639 3042 5685 ut
3070 5633 3338 5689 cautiores
3363 5647 3590 5706 prmsta-

1995 5739 2127 5778 rem.
2161 5723 2340 5787 Dictis,
2372 5737 2575 5792 quaeso,
2605 5724 2839 5777 animum
2871 5724 3153 5795 diligenter
3171 5727 3589 5788 advertite.(2um

1992 5833 2174 5877 sermo
2207 5818 2403 5876 viribus
2426 5818 2697 5886 defiettrct,
2726 5819 2989 5877 clamandi
3025 5833 3201 5895 partes
3230 5840 3386 5898 posita
3415 5844 3590 5883 susum
