4084 6430
531 377 634 436 ’115

525 493 643 558 pit',
664 505 782 545 cum
811 489 1048 544 doctrina
1081 489 1241 543 robur
1266 489 1551 554 amitteret,
1577 490 1735 542 timor
1776 489 1827 543 in
1858 488 2110 542 auxilium

526 581 694 635 venit.
729 581 854 634 Ha-e
894 579 1042 633 vobis
1089 580 1400 649 loquuturus
1447 578 1513 632 ad
1542 578 1810 633 modicum
1840 579 2031 643 venio,
2058 587 2113 632 et

527 688 645 741 qua:
673 687 789 726 mea
821 682 940 725 sunt
961 683 1153 741 prmsto
1180 687 1195 725 :
1221 685 1340 724 cum
1362 678 1539 724 autem
1566 685 1660 724 vos
1689 667 1975 728 strinxere.
2001 680 2110 722 tum

527 765 762 819 sermoni
792 765 1017 832 tradam,
1050 773 1106 818 ut
1133 780 1199 818 ne
1246 762 1442 817 frustra
1473 778 1652 818 sermo
1694 763 1897 817 laboret
1929 779 1943 814 :
1975 762 2111 830 lapi-

526 856 621 908 des
653 855 1072 924 pullulantesque
1101 854 1282 923 Spiltas
1306 854 1537 917 invenio,
1567 863 1620 910 et
1645 869 1826 908 arvum
1848 867 2106 923 expurgo,

527 956 584 998 ut
608 960 785 1000 sermo
812 947 955 1016 larga
985 961 1142 998 manu
1170 949 1460 1001 sementem
1486 946 1666 1014 jaciat.

595 1033 682 1089 Ea:
701 1046 846 1091 terrm
863 1045 997 1089 motu
1018 1046 1259 1108 quantum
1274 1039 1451 1090 mutati
1467 1037 1994 1105 AntioclwnL—Quid
2013 1053 2110 1092 vo-

523 1126 606 1180 bis
634 1127 813 1180 damni
842 1143 908 1182 ex
935 1127 1084 1181 brevi
1108 1128 1375 1182 mcerorc?
1403 1127 1482 1182 Ex
1507 1127 1810 1183 hominibus
1830 1129 2008 1198 angeli
2033 1130 2109 1183 ef-

524 1218 645 1272 fecti
677 1218 805 1272 eStis
830 1234 844 1270 :
878 1219 930 1271 in
958 1218 1143 1272 calum
1168 1218 1268 1272 etsi
1294 1233 1399 1272 non
1427 1218 1566 1285 loco,
1599 1228 1653 1272 at
1673 1219 1908 1272 moribus
1936 1228 2103 1274 trans-

524 1310 614 1363 lati
646 1310 795 1365 estis.
823 1308 977 1376 Quod
1007 1319 1184 1364 autem
1217 1326 1320 1363 non
1348 1325 1411 1364 ex
1452 1310 1756 1365 adulatione
1785 1311 1988 1379 loquar,
2024 1327 2110 1366 res

523 1402 636 1470 ipse
659 1401 1026 1456 testificantur.
1054 1402 1189 1470 Quid
1213 1402 1354 1458 enim
1385 1401 1534 1456 vobis
1569 1407 1635 1456 ad
1665 1403 1992 1474 pauitantia:
2019 1419 2108 1456 ra-

522 1493 720 1548 tionem
749 1493 957 1549 defuit?
986 1493 1240 1548 Invidiam
1272 1494 1536 1563 cjecistis,
1570 1495 1859 1549 illiberales
1888 1496 2109 1550 affectus

522 1583 948 1648 exterminastis,
988 1586 1236 1638 virtutem
1282 1585 1632 1650 consevistis,
1688 1595 1850 1639 totam
1897 1595 2106 1640 noctem

522 1673 808 1744 pervigiliis
849 1674 1016 1728 sacris
1057 1684 1309 1744 agentes,
1341 1691 1460 1728 cum
1492 1676 1656 1729 multa
1693 1677 1913 1731 caritate
1939 1687 1990 1732 et
2023 1678 2106 1732 in-

520 1764 664 1833 genti
689 1764 855 1823 animi
885 1763 1114 1820 fervore.
1147 1765 1314 1820 Nemo
1341 1781 1623 1820 usurarum
1654 1769 1916 1836 meminit,
1945 1784 2106 1824 nemo

518 1856 586 1910 de
629 1857 843 1911 avaritia
883 1858 1116 1927 loquitur
1145 1874 1158 1910 :
1187 1873 1284 1912 nec
1326 1859 1496 1912 solum
1543 1875 1572 1911 a
1618 1865 1848 1929 peccatis
1891 1862 2106 1917 munda:

519 1963 710 2003 manus
743 1956 896 2014 sunt,
921 1949 1014 2004 sed
1043 1951 1200 2004 etiam
1230 1950 1404 2020 lingua
1436 1952 1502 2006 ab
1541 1952 1816 2022 iniquitate
1835 1963 1888 2008 et
1918 1963 2108 2008 contu-

518 2041 676 2095 melia
717 2041 880 2096 libera
910 2060 923 2096 :
955 2057 1112 2097 nemo
1141 2042 1385 2112 injuriam
1432 2045 1674 2112 proximo
1702 2043 1861 2100 infert
1887 2087 1902 2113 ,
1947 2062 2104 2100 nemo

514 2132 749 2186 satanica
772 2132 881 2187 adit
905 2133 1144 2188 convivia
1173 2150 1187 2187 :
1211 2133 1354 2187 mdes
1377 2135 1588 2189 mundae
1615 2147 1759 2200 sunt,
1789 2135 1960 2189 forum
1983 2151 2102 2190 sor—

485 2222 668 2288 dibus
727 2232 1000 2292 purgatum
1051 2241 1065 2278 :
1119 2224 1406 2279 accedente
1444 2239 1665 2294 vespera
1713 2213 1973 2295 nusquam
2011 2226 2101 2296 ju-

513 2332 705 2370 vcnum
767 2315 954 2380 chori,
1011 2315 1293 2371 theatricas
1345 2316 1726 2371 modulantium
1786 2319 2099 2372 cantilenas.

511 2406 672 2460 Chori
721 2415 868 2461 certe
924 2416 1081 2472 sunt,
1127 2415 1183 2461 at
1229 2424 1332 2461 non
1382 2408 1612 2462 lascivia:
1645 2426 1656 2460 :
1689 2407 1837 2462 chori
1884 2410 2096 2479 utique,

510 2496 604 2549 sed
646 2505 789 2550 recte
837 2496 1115 2551 factorum.
1158 2497 1212 2550 In
1251 2497 1365 2550 foro
1396 2497 1623 2568 hymnos
1656 2499 1839 2554 audire
1889 2509 2099 2562 est;ex

507 2586 652 2640 domi
684 2602 810 2641 vero
845 2585 1151 2641 sedentibus
1193 2588 1354 2640 alium
1403 2590 1736 2656 psallentem,
1788 2590 1945 2644 alium
1999 2590 2099 2662 hy-

509 2693 664 2732 mnos
714 2687 992 2732 cancntem
1027 2697 1039 2732 :
1075 2694 1178 2732 nox
1227 2679 1475 2745 advenit,
1509 2689 1560 2734 et
1594 2695 1780 2736 omnes
1823 2684 1874 2737 in
1923 2686 2099 2738 eccle-

507 2769 662 2832 siam,
692 2770 1031 2839 tranquillum
1065 2754 1274 2839 portum
1303 2769 1655 2842 fluctibusque
1694 2788 1934 2841 vacuum,
1967 2793 2098 2830 con-

507 2862 745 2912 veniunt.
776 2859 1028 2912 Putabam
1064 2874 1161 2929 ego
1193 2858 1304 2914 fore
1325 2901 1340 2925 ,
1373 2869 1429 2914 ut
1455 2870 1574 2930 post
1610 2877 1772 2918 unum
1805 2865 2099 2921 alterumve

505 2950 646 3003 diem
673 2951 860 3020 vigilia:
888 2966 1110 3020 corpora
1154 2951 1446 3020 dejicercnt
1470 2971 1484 3006 :
1510 2969 1650 3008 nunc
1691 2964 1869 3009 autem
1899 2967 2098 3029 quanto

505 3041 698 3110 vigilia:
728 3042 937 3111 longius
963 3042 1288 3112 procedunt,
1322 3051 1469 3097 tanto
1513 3045 1664 3100 vobis
1697 3047 1870 3116 major
1898 3051 2095 3106 amoris

510 3137 567 3185 tit
591 3133 851 3187 accessio.
884 3133 982 3199 Qui
1010 3133 1305 3202 psallebant
1331 3135 1674 3202 defecerunt,
1703 3147 1758 3192 et
1800 3154 1892 3195 vos
1931 3140 2098 3198 virili-

507 3232 587 3276 ter
615 3221 770 3292 agitis
801 3239 812 3274 :
844 3221 935 3291 qui
965 3222 1260 3290 psallebant
1288 3223 1482 3280 defessi
1510 3234 1666 3292 sunt,
1697 3236 1751 3282 et
1775 3244 1870 3284 vos
1895 3231 2093 3288 viribus

505 3316 786 3383 nervisque
814 3314 953 3368 aucti
978 3315 1130 3369 estis.
1159 3314 1259 3371 Ubi
1304 3326 1430 3372 sunt
1459 3334 1599 3374 nunc
1620 3361 1635 3387 ,
1668 3335 1798 3391 rogo
1821 3363 1835 3389 ,
1859 3323 2094 3380 divites?

505 3404 713 3458 discant
744 3419 1030 3474 pauperum
1060 3405 1470 3476 philosophiam.
1495 3409 1774 3466 Dormiunt
1810 3413 1923 3478 illi,
1957 3431 2090 3484 pau-

505 3510 660 3564 peres
690 3510 817 3550 vero
839 3497 889 3551 in
919 3495 1222 3585 pavimento
1248 3498 1404 3567 positi
1429 3515 1531 3554 non
1562 3500 1852 3569 dormiunt,
1885 3505 1978 3560 sed
2003 3523 2088 3578 ge-

1239 377 1293 433 S.
1333 375 1608 432 JOANNIS
1629 375 2100 432 CllllYSOSTOMI
2141 372 2436 430 ARCIIIEP
2496 376 3022 437 CONSTANTINOP.

3709 388 3816 442 716

2219 507 2321 544 nua
2367 490 2622 559 flectunt,
2653 494 2874 549 Paulum
2903 504 2957 550 et
2998 494 3162 550 Silam
3208 493 3473 553 imitantes
3499 500 3518 570 (
3539 499 3650 553 Act.
3686 503 3801 568 16).

2223 579 2418 636 Verum
2453 583 2543 637 'illi
2593 583 2926 654 psallebant,
2981 597 3036 641 et
3085 589 3459 644 concutiebant
3496 605 3806 657 carcerem;

2218 689 2313 728 vos
2358 685 2534 729 autem
2579 676 2800 743 psnllitis
2826 716 2840 739 ,
2869 685 2923 731 ct
2964 689 3269 747 quassatam
3300 681 3481 735 urbem
3532 681 3805 738 firtnastis.

2218 763 2415 819 lterum
2446 767 2696 820 contrarii
2727 767 2891 832 fines,
2930 769 3025 823 sed
3069 777 3294 839 utraque
3338 771 3404 825 ad
3441 772 3668 841 gloriam
3715 773 3809 827 Dei

2216 864 2460 925 vergunt.
2491 855 2584 911 llle
2610 872 2839 926 namque
2874 873 3144 913 carcerem
3185 863 3490 928 concussit,
3525 873 3582 916 ut
3620 862 3813 917 inﬁde-

2217 948 2345 1002 lium
2369 956 2603 1003 mentem
2627 958 2889 1019 quateret,
2913 959 2970 1004 ut
2989 952 3222 1006 carceris
3245 953 3522 1008 custodem
3551 955 3812 1022 solveret,

2218 1047 2275 1091 ut
2299 1038 2520 1092 verbum
2551 1038 2645 1093 Dei
2674 1041 3014 1094 aununtiarct
3043 1059 3056 1094 :
3088 1056 3182 1095 vos
3217 1042 3401 1096 urbem
3433 1043 3687 1099 tirmastis
3707 1087 3721 1106 ,
3759 1056 3815 1099 ut

2217 1128 2349 1182 iram
2380 1128 2474 1182 Dei
2517 1129 2837 1184 solverctis:
2867 1140 2922 1184 et
2951 1130 3065 1185 hmc
3104 1141 3157 1185 et
3198 1131 3285 1186 illa
3325 1134 3472 1186 vario
3498 1133 3813 1203 dispensata

2217 1221 2376 1274 modo
2407 1230 2551 1274 sunt.
2580 1223 2827 1276 Attamen
2856 1215 3062 1292 gaudeb
3085 1265 3100 1290 ,
3130 1239 3234 1277 non
3259 1225 3403 1294 quod
3438 1226 3565 1280 urbs
3591 1227 3811 1282 'tirmata

2215 1312 2303 1376 sit,
2334 1310 2426 1365 sed
2455 1310 2596 1380 quod
2621 1314 2690 1366 sit
2717 1314 2965 1382 precibus
2994 1315 3185 1370 vestris
3211 1315 3415 1370 firmata
3437 1360 3453 1386 ,
3485 1319 3626 1388 quod
3663 1321 3813 1388 psal-

2215 1402 2407 1457 modia:
2450 1413 2641 1459 vestrae
2667 1402 3130 1460 fundamentorum
3160 1407 3280 1462 loco
3321 1409 3535 1464 fuerint.
3564 1409 3814 1480 Superne

2217 1493 2312 1558 ira,
2344 1502 2398 1547 et
2420 1494 2470 1548 in
2500 1503 2636 1548 terra
2665 1510 2765 1548 vox
2797 1504 2969 1550 vestra
3003 1513 3017 1549 :
3046 1512 3277 1566 superne
3304 1489 3812 1569 ingruentcm‘iram

2212 1584 2450 1639 cohibuit
2475 1600 2575 1639 vox
2606 1601 2637 1640 e
2667 1587 2818 1640 terris
2849 1587 3060 1641 emissa.
3095 1589 3280 1657 Aperti
3302 1600 3428 1644 sunt
3456 1592 3596 1657 caeli,
3628 1572 3811 1647 et‘le-

2212 1680 2354 1747 lapsa
2377 1680 2637 1734 sententia
2662 1689 2738 1734 est
2761 1680 2967 1750 gladius
2995 1691 3183 1736 acutus
3209 1700 3221 1735 :
3253 1683 3381 1738 urbs
3401 1683 3453 1738 in
3480 1683 3654 1739 solum
3679 1685 3808 1740 red-

2210 1780 2360 1836 acta,
2404 1770 2809 1840 indeprecabilis
2853 1772 2950 1826 ira.
2996 1771 3152 1826 Nulla
3201 1790 3259 1828 re
3303 1789 3438 1844 Opus
3478 1774 3810 1840 habuimus,

2212 1865 2310 1918 nisi
2343 1862 2676 1933 ptenitentia,
2701 1864 2969 1934 lacrymis,
2995 1865 3314 1932 gemitibus,
3342 1874 3394 1920 et
3420 1867 3600 1920 omnia
3629 1866 3809 1920 soluta

2210 1967 2332 2011 sunt
2367 1976 2380 2009 :
2412 1956 2551 2010 Deus
2591 1957 2909 2010 sententiam
2956 1955 3101 2021 tulit,
3141 1970 3345 2026 nosque
3385 1956 3520 2010 iram
3556 1957 3813 2010 dissolvi-

2211 2062 2347 2101 mus.
2379 2046 2723 2116 Nequaquam
2771 2047 3098 2100 abcrraverit
3143 2047 3233 2116 qui
3277 2062 3374 2102 vos
3418 2056 3698 2102 curatores
3753 2057 3811 2102 et

2209 2148 2514 2194 servatores
2543 2137 2690 2191 urbis
2713 2137 3082 2206 appellaverit.
3115 2137 3338 2192 Ubinam
3381 2140 3690 2208 principes?
3718 2139 3810 2193 ubi

2210 2229 2385 2298 magni
2413 2229 2487 2281 illi
2533 2216 2921 2296 soslntatores'?
2951 2228 3055 2282 Vos
3085 2228 3231 2291 urbis
3267 2245 3393 2283 vere
3439 2239 3646 2293 turres,
3685 2245 3809 2283 mu.

2208 2336 2320 2384 rus,
2341 2319 2663 2390 przesidium.
2686 2318 2763 2372 llli
2790 2320 3023 2388 nequitia
3051 2335 3145 2374 sua
3179 2321 3362 2374 urbem
3392 2320 3814 2387 labefactarunt,

2208 2427 2303 2465 vos
2325 2413 2517 2466 virtute
2543 2421 2717 2466 vestra
2749 2412 2931 2466 urbem
2963 2413 3233 2466 firmastis.
3256 2414 3310 2466 Si
3341 2413 3460 2483 quis
3496 2414 3800 2485 interroga-

2207 2513 2311 2566 tus,
2335 2518 2431 2559 cur
2452 2517 2707 2557 concussa
2733 2503 2858 2556 urbs
2888 2502 3068 2569 fuerit,
3089 2505 3188 2556 ctsi
3218 2503 3347 2557 nihil
3375 2504 3722 2574 reSpondeat,
3747 2506 3810 2559 in

2206 2595 2452 2652 confesso
2479 2605 2654 2649 tamen
2684 2605 2787 2660 eet,
2815 2593 2866 2649 id
2900 2603 3275 2664 peccatorum,
3303 2598 3560 2661 avaritize,
3591 2597 3808 2666 injusti-

2205 2686 2294 2740 tia:
2318 2725 2333 2748 ,
2381 2685 2630 2755 nequitiae
2655 2726 2669 2750 ,
2702 2684 2965 2754 superbia:
2985 2726 3001 2749 ,
3045 2685 3306 2739 mendacii
3332 2701 3488 2740 causa
3515 2687 3803 2742 accidisse.

2206 2776 2493 2845 Cujusnam
2515 2775 2539 2829 ’ἰ
2564 2775 2808 2829 divitum.
2834 2773 3065 2828 Rursum
3097 2776 3141 2829 si
3171 2776 3289 2845 quis
3317 2775 3627 2846 interroget,
3657 2778 3806 2832 unde

2204 2867 2332 2921 urbs
2363 2866 2570 2919 firmata
2615 2864 2804 2926 fuerit,
2838 2865 2892 2918 in
2935 2864 3183 2919 confesso
3209 2876 3325 2928 est,
3359 2866 3498 2936 quod
3531 2882 3628 2936 per
3659 2869 3808 2937 pSal-

2203 2956 2408 3011 modias
2428 2997 2442 3021 ,
2473 2969 2658 3024 preces
2677 2995 2692 3021 ,
2726 2953 3019 3024 pervigilia.
3046 2954 3449 3021 Quorumnam?
3476 2957 3800 3026 pauperum.

2203 3050 2332 3117 Qure
2365 3050 2550 3103 urbem
2590 3056 3006 3111 concusserunt,
3037 3048 3247 3101 illorum
3291 3057 3454 3114 sunt;
3483 3065 3604 3118 qua:
3649 3051 3800 3104 illam

2202 3138 2692 3203 confirmaverunt,
2744 3145 2968 3190 vestra:
3004 3137 3181 3206 itaque
3227 3151 3322 3191 vos
3383 3147 3687 3193 servatores
3743 3151 3802 3195 et

2201 3239 2475 3286 curatores
2525 3229 2716 3282 fuistis.
2752 3227 2947 3281 Verum
2976 3226 3063 3280 hic
3111 3227 3375 3281 sermonis
3424 3228 3582 3282 tinem
3627 3227 3800 3283 facia—

2201 3338 2320 3378 mus
2348 3321 2633 3392 pervigiliis
2658 3329 2713 3375 et
2743 3317 3050 3389 psalmodiis
3076 3319 3352 3383 instantes,
3381 3320 3604 3388 gloriam
3636 3321 3806 3374 emit--

2198 3423 2371 3470 tentes
2396 3413 2561 3476 Patri,
2591 3411 2725 3466 Filio
2751 3422 2804 3465 et
2829 3409 3048 3478 Spiritui
3076 3418 3283 3477 sancto,
3304 3425 3442 3464 nunc
3470 3419 3523 3465 et
3551 3425 3791 3480 semper,

2199 3516 2254 3562 et
2283 3508 2336 3562 in
2366 3505 2561 3561 saecula
2588 3503 2928 3558 saeculorum.
2959 3503 3149 3556 Amen.

1483 4023 1562 4083 ΙΝ
1603 4022 1977 4085 HOMILIAM
2012 4023 2109 4084 DE
2147 4022 2334 4083 JUDA
2381 4021 2812 4082 PRODITORE

594 4289 710 4344 Non
737 4287 856 4344 sine
881 4285 1116 4357 quodam
1155 4284 1412 4355 scrupulo
1434 4285 1578 4340 hanc
1608 4286 1914 4350 homiliam,
1957 4300 2082 4356 quae
2117 4300 2264 4340 nunc
2292 4285 2529 4356 primum
2571 4286 2626 4340 in
2649 4285 2828 4341 lucem
2874 4285 3076 4355 prodit,
3104 4287 3248 4341 inter
3267 4299 3558 4357 germanas
3586 4294 3642 4340 et
3668 4285 3790 4340 sin-

521 4418 678 4458 ceras
694 4399 1063 4474 Cbrysostomi
1087 4398 1379 4453 conciones
1395 4398 1646 4453 locamus
1668 4416 1684 4454 :
1708 4400 1988 4456 licetenim
2013 4399 2103 4454 illa
2125 4399 2377 4470 Daphnes
2398 4399 2645 4454 suburhii
2674 4400 3003 4455 Antiocheni
3022 4401 3500 4467 commemoratio,
3525 4415 3632 4469 qua
3653 4414 3792 4454 con-

521 4515 916 4586 cioincipitur;
953 4514 1078 4570 licet
1096 4513 1274 4587 Pythii
1301 4516 1568 4587 Apollinis
1604 4517 1656 4571 in
1689 4530 1754 4570 eo
1776 4515 2040 4571 suburbio
2065 4531 2095 4571 a
2119 4517 2412 4587 gentilibus
2443 4517 2577 4574 culti
2603 4517 2890 4583 memoria,
2917 4533 3131 4572 necnon
3169 4517 3272 4572 alia
3297 4517 3547 4587 quaedam
3578 4515 3790 4571 similia

521 4630 967 4701 Cbrysostomum
1023 4629 1439 4686 concionantem
1475 4630 1679 4686 referre
1699 4629 2009 4695 videantur,
2062 4645 2172 4685 non
2207 4645 2378 4701 pauca
2418 4638 2547 4685 sunt
2571 4646 2696 4701 qua:
2725 4631 3072 4701 peregrinum
3105 4630 3308 4695 oleant,
3356 4630 3791 4685 exclamationes

523 4745 780 4801 nimirum
828 4755 883 4802 et
902 4747 1354 4817 interrogationes
1385 4756 1678 4816 perpetuae,
1704 4763 1842 4815 quas
1879 4747 2005 4803 licet
2046 4745 2105 4800 S.
2139 4746 2331 4802 doctor
2357 4762 2466 4802 non
2491 4762 2616 4803 raro
2651 4737 2825 4803 soleat
2852 4761 3137 4817 usurpare,
3175 4761 3284 4801 non
3328 4754 3437 4800 tam
3472 4744 3792 4816 frequenter

543 4992 2960 5019 *ἡὴ-Μ

1380 5083 1500 5166 IN
1546 5084 2360 5170 PRODITIONEM
2413 5093 2744 5175 JUD/E
2774 5089 2879 5170 (α).

1925 5261 2348 5321 Wﬁm

542 5376 692 5430 Nunc
720 5388 927 5431 amoma
957 5373 1199 5444 Daphne,
1223 5389 1362 5430 nunc
1390 5374 1634 5446 religiosa
1660 5385 1759 5442 est,
1780 5393 1882 5433 non
1912 5381 2072 5436 modo
2102 5420 2130 5441 .
2179 5384 2355 5454 impiis
2383 5385 2512 5439 viris
2550 5385 2724 5438 solum
2764 5383 3076 5439 calcandum
3116 5384 3302 5449 oli‘ert,
3347 5383 3440 5439 sed
3481 5383 3632 5439 vobis
3676 5385 3781 5452 piis

487 5466 628 5535 quod
670 5465 1040 5535 limpidissima
1087 5463 1286 5520 ﬂuenta
1326 5466 1553 5533 emittat,
1596 5481 1701 5521 non
1732 5469 1870 5538 quod
1907 5471 2085 5526 arbo-‘

486 5574 602 5610 rum
645 5571 826 5612 comas
869 5557 977 5611 alat
1014 5557 1463 5626 iucundissimas;
1504 5558 1603 5614 sed
1646 5560 1786 5629 quod
1832 5565 2070 5635 peregri-

483 5665 606 5705 nam
638 5649 869 5719 plantam
893 5663 1104 5704 crucem
1134 5651 1397 5721 receperit
1425 5668 1437 5705 ε
1471 5667 1612 5707 nunc
1639 5651 1759 5707 fons
1785 5669 1909 5710 vere
1932 5665 2070 5711 tem-

485 5754 679 5811 perans
706 5750 789 5794 est
822 5753 876 5795 et
909 5741 1096 5810 Pythio
1123 5741 1355 5796 diemoni
1388 5743 1659 5800 terribilis.
1703 5742 1821 5801 Non
1847 5747 2070 5817 amplius

552 5854 625 5915 (α)
661 5855 726 5905 Ex
744 5852 853 5902 Cod.
881 5861 975 5903 Em.
1006 5854 1136 5903 t‘ard.
1160 5855 1398 5905 (ittohom.

2177 5490 2368 5530 nemus
2402 5475 2636 5544 praebet,
2682 5475 2967 5546 imaginem
2996 5476 3245 5529 amabilis
3291 5472 3436 5528 illius
3464 5475 3589 5542 loci,
3632 5475 3779 5531 bortt

2176 5581 2398 5637 nempe,
2431 5567 2484 5621 in
2527 5581 2634 5638 quo
2676 5567 2978 5623 Servatoris
3016 5567 3278 5636 proditio,
3309 5567 3481 5622 audax
3517 5565 3728 5622 facinus
3754 5609 3769 5631 ,

2178 5667 2389 5730 peracta
2412 5668 2515 5723 est,
2543 5658 2834 5728 salutisque
2874 5666 3070 5713 nostra:
3110 5659 3378 5727 negotium
3408 5666 3584 5712 ortum
3611 5672 3774 5712 acce-

2178 5754 2274 5822 pit.
2305 5751 2519 5807 Ateuim
2541 5750 2667 5821 quid
2696 5751 2946 5820 praesenti
2969 5750 3129 5806 cmtui
3156 5751 3344 5822 loquar
3363 5765 3468 5805 non
3495 5751 3732 5820 suppetit
3756 5769 3770 5804 :

2181 5845 2411 5917 linguam
2445 5853 2623 5899 movet
2641 5853 2813 5900 canus
2843 5841 2908 5898 ad
2935 5841 3124 5899 Judam
3165 5841 3540 5910 incusandum,
3573 5846 3669 5898 sed
3711 5855 3773 5897 us
