4084 6426
235 325 394 380 717·

237 453 420 492 tneunt
443 438 512 492 ad
542 450 603 493 se
643 436 904 507 pertrahit
947 435 1248 490 Scrvatoris
1281 434 1584 489 clementia.
1631 434 1849 490 Dttobtts

241 532 393 588 hisce
433 532 706 598 detineor,
740 531 866 587 odio
905 530 1197 600 proditoris
1223 536 1278 584 et
1303 542 1489 583 amore
1521 528 1728 582 Domini
1757 547 1767 581 :
1795 537 1848 582 at

239 623 407 678 vincit
429 623 612 678 odium
645 635 818 686 amor,
843 630 1026 690 utpote
1052 620 1221 688 major
1245 618 1595 688 validiorque.
1648 618 1848 686 Quam-

239 715 651 791 obremreiicto
690 713 986 784 proditore,
1017 712 1315 766 beneficum
1345 710 1581 774 celebro,
1613 726 1718 764 non
1749 710 1858 780 pro'

242 805 386 860 illius
413 804 670 875 dignitate
693 845 708 870 ,
733 803 827 859 sed
860 818 955 873 pro
983 803 1231 858 facultate
1271 817 1408 857 mea.
1440 802 1722 867 Quomodo
1763 802 1847 856 in-

241 894 461 951 clinavit
490 894 673 961 ca-los,
715 904 769 950 et
794 895 1070 950 descendit
1100 895 1152 949 in
1180 893 1437 958 terram?
1465 892 1736 962 quomodo
1779 892 1846 957 is,

239 985 334 1054 qui
377 993 544 1063 totum
575 987 748 1055 replet
776 984 1054 1050 mundum,
1095 984 1160 1037 ad
1193 998 1279 1037 me
1322 982 1508 1050 venit,
1539 997 1635 1051 pro
1670 997 1755 1036 me
1795 991 1850 1036 et

237 1077 536 1133 secundum
582 1094 670 1135 me
712 1077 924 1133 factus?
952 1078 1225 1148 quomodo
1252 1092 1410 1143 eum,
1456 1091 1615 1146 quem
1663 1073 1849 1145 prodi-

240 1180 414 1224 torem
466 1169 703 1224 futurum
757 1178 1015 1236 noverat,
1058 1168 1377 1238 discipulum
1424 1155 1672 1236 accepit?
1717 1166 1849 1236 quo-

239 1264 406 1317 modo
442 1263 713 1318 inimicum
743 1278 802 1318 se
833 1271 889 1316 ut
914 1264 1140 1316 amicum
1169 1262 1323 1330 sequi
1348 1261 1554 1330 jussit?
1580 1262 1850 1329 quomodo

240 1370 350 1410 non
393 1356 460 1408 de
491 1354 814 1423 proditione,
848 1354 944 1410 sed
976 1355 1042 1409 de
1085 1354 1373 1425 proditoris
1399 1353 1569 1408 salute
1598 1352 1694 1407 fuit
1736 1353 1849 1408 Sttl-

243 1446 465 1500 licitus?
507 1445 639 1500 Nam
679 1445 898 1516 Vespere
926 1447 1085 1513 facta,
1124 1446 1315 1524 inquit,
1361 1443 1850 1498 recumbebatJesus

240 1558 360 1593 cum
405 1541 672 1593 duodecim
722 1540 986 1612 discipulis
1023 1541 1149 1606 suis,
1180 1550 1228 1593 ct
1277 1540 1704 1594 ntanducantibus
1746 1539 1850 1594 illis

240 1635 373 1688 dixit
401 1651 418 1686 :
446 1634 625 1699 Amen,
658 1651 806 1688 amen
839 1634 950 1687 dico
971 1636 1128 1697 vobis,
1166 1633 1303 1700 quod
1327 1650 1456 1688 unus
1494 1644 1712 1686 vestrum
1739 1626 1849 1686 tra-

238 1726 328 1778 de:
363 1741 444 1778 me
487 1725 702 1796 (Matth.
751 1725 844 1781 26.
876 1725 966 1780 20.
1017 1725 1134 1796 21).
1183 1725 1548 1780 Proditionem
1580 1725 1847 1795 prtedixit,

239 1827 304 1870 ut
335 1818 512 1871 scelus
536 1817 833 1872 cohiberet.
864 1815 1144 1870 Neminem
1173 1816 1413 1871 indicans
1446 1815 1848 1885 pra-dictionem

240 1911 444 1976 emisit,
477 1925 596 1978 qua:
623 1908 962 1978 dediscipuli
1000 1908 1254 1977 nequitia,
1291 1891 1738 1963 Irecumbetitibns
1763 1921 1853 1962 oc-

239 1999 412 2066 culta,
458 1999 789 2070 triumphare
833 2013 939 2054 non
985 2000 1174 2068 potuit.
1225 1998 1357 2066 Quis
1397 1999 1552 2053 talem
1598 2012 1851 2067 umquam

242 2091 461 2146 Domini
505 2092 886 2162 benignitatem
933 2091 1100 2146 vidit?
1139 2091 1203 2145 Et
1229 2091 1470 2160 proditur
1509 2100 1564 2146 et
1608 2091 1851 2161 prodito-

244 2198 361 2238 rem
393 2189 556 2236 amat.
594 2181 726 2250 Quis
762 2181 1057 2251 despicitur
1085 2191 1140 2237 et
1169 2181 1533 2236 misericordia
1568 2181 1852 2236 movetur?

240 2277 496 2332 venditur
542 2283 596 2332 et
638 2276 1023 2346 nequissimum
1073 2285 1425 2330 mercatorem
1472 2290 1675 2330 mensae
1717 2290 1851 2329 con-

241 2380 447 2422 sortem
485 2368 715 2437 accipit,
755 2375 810 2423 et
854 2362 1151 2421 insidiatori
1195 2368 1402 2437 parcit?
1439 2366 1499 2420 Et
1537 2366 1853 2420 manducan-

243 2459 378 2514 tibus
414 2460 520 2514 illis
559 2460 925 2526 dixit:Amen,
987 2476 1133 2513 amen
1177 2460 1290 2513 dico
1330 2460 1500 2525 vobis,
1541 2457 1677 2529 quod
1717 2474 1852 2512 unus

243 2553 650 2618 uestrumtradet
676 2570 755 2608 me
785 2552 891 2625 (Ib.
925 2569 971 2607 υ.
995 2552 1111 2624 21).
1137 2552 1206 2609 Ut
1239 2554 1400 2607 homo
1428 2551 1764 2618 comedebat,
1799 2560 1854 2606 et

243 2655 306 2697 ut
349 2645 489 2700 Deus
519 2645 690 2699 futura
731 2644 1101 2715 praedicebat:
1147 2660 1268 2716 qua:
1307 2654 1512 2711 natura;
1538 2651 1854 2713 competunt

243 2735 420 2801 mem',
470 2736 557 2791 ille
600 2737 705 2791 mei
743 2752 902 2792 causa
942 2737 1124 2792 subire
1171 2735 1439 2807 dignatur.
1483 2735 1852 2806 Omnibusque

241 2827 520 2897 discipulis
544 2828 611 2884 de
659 2829 747 2884 tali
790 2828 936 2885 dicto
980 2828 1326 2900 stupefactis,
1372 2837 1427 2883 et
1469 2828 1851 2884 conscientiam

242 2937 398 2976 suam
451 2923 685 2992 graviter
728 2921 1080 2990 ferientibus,
1129 2935 1448 2992 cenamque
1497 2922 1550 2977 in
1603 2924 1854 2980 mini-oris

245 3025 460 3083 tempus
487 3015 944 3096 convertentibus,
973 3014 1302 3085 singulisque
1327 3013 1649 3081 dicentibus,
1682 3013 1854 3068 Num-

242 3106 369 3177 quid
404 3121 496 3176 ego
524 3122 636 3159 sum
658 3145 674 3172 ,
711 3104 930 3159 Domine
962 3103 1072 3176 (Ib.
1110 3121 1158 3159 υ.
1186 3103 1309 3175 22)?
1337 3114 1392 3158 ut
1425 3103 1851 3175 interrogatione

246 3199 340 3254 illa
381 3198 622 3269 molesta:
649 3198 972 3269 suspicionis
1001 3198 1243 3253 levamen
1276 3198 1611 3264 invenirent,
1657 3198 1851 3254 animis

243 3289 623 3359 intempestive
654 3290 922 3358 percussis
946 3289 1241 3344 remedium
1271 3289 1530 3344 adhibens
1553 3290 1809 3345 Servator
1829 3332 1845 3354 ,

243 3398 372 3438 eum
421 3383 512 3451 qui
561 3381 820 3437 hactenus
863 3382 1104 3437 occultus
1142 3381 1319 3438 fuerat
1360 3383 1714 3453 responsione
1751 3397 1852 3440 sua

243 3475 481 3531 declarat
506 3492 519 3528 :
541 3473 642 3540 Qui
665 3475 887 3546 intingit,
912 3475 1102 3545 inquit,
1131 3492 1323 3538 mecum
1349 3475 1566 3531 manum
1581 3477 1634 3530 in
1659 3480 1846 3542 catino,

247 3572 332 3625 hic
373 3587 455 3624 ms
488 3571 668 3624 tradet.
710 3567 779 3623 Et
827 3569 993 3623 Filius
1018 3570 1220 3638 quidem
1265 3570 1484 3624 hominis
1512 3568 1672 3635 vadit,
1719 3571 1850 3626 sicut

245 3663 493 3731 scriptum
535 3673 609 3716 est
653 3661 717 3715 de
744 3661 854 3715 illo.
895 3661 981 3715 Vw
1011 3671 1183 3715 autem
1219 3661 1412 3714 homini
1438 3661 1543 3726 illi,
1575 3679 1664 3731 per
1701 3678 1849 3730 quem

249 3752 300 3806 Ρ
301 3753 422 3808 ilius
459 3754 680 3808 hontinis
714 3754 942 3807 tradetur
966 3770 984 3806 :
1022 3752 1208 3806 bonum
1249 3754 1293 3806 ei
1335 3763 1443 3808 erat
1484 3754 1530 3807 si
1567 3764 1716 3808 natus
1747 3771 1849 3808 non

246 3847 427 3915 [uisset
458 3846 608 3900 homo
647 3846 736 3899 ille
764 3845 868 3915 (Ib.
915 3862 964 3900 υ.
991 3846 1081 3901 25.
1111 3845 1228 3916 24).
1271 3846 1555 3900 Miseratnr
1580 3861 1726 3912 eum,
1758 3848 1848 3918 qui

247 3953 310 3992 se
335 3938 575 3991 miserari
607 3937 812 4002 noluit;
843 3940 1010 4006 parcit
1036 3938 1108 4002 ei,
1137 3938 1224 4008 qui
1252 3937 1445 3991 anima:
1470 3952 1582 3991 sua:
1607 3951 1711 3992 non
1753 3947 1850 4008 pe-

249 4039 513 4100 percerat.
537 4030 713 4084 Palam
741 4027 919 4085 facere
941 4031 1156 4085 nolebat
1176 4046 1320 4096 eum,
1351 4031 1439 4100 qui
1469 4046 1527 4087 se
1541 4031 1652 4102 jam
1676 4032 1849 4101 palam

247 4115 468 4186 fecerat,
498 4122 570 4177 illi
597 4122 926 4192 pcenitcutia:
955 4133 1079 4190 tem;
1102 4137 1186 4189 us,
1215 4122 1601 4194 discipulisque
1632 4124 1852 4195 reliquis

248 4214 500 4269 tnazruris
551 4213 816 4269 medelam
872 4214 1242 4282 suppeditans.
1288 4215 1483 4268 Verum
1538 4216 1670 4270 nihil
1728 4216 1851 4271 hinc

247 4304 441 4358 melior
490 4297 712 4358 effectus
755 4303 998 4374 proditor
1040 4314 1143 4360 est.
1197 4305 1489 4375 Oportebat
1536 4307 1681 4361 enim
1726 4322 1849 4362 eum

245 4404 370 4466 post
416 4381 700 4450 horrenda
733 4395 1040 4465 huiusmodi
1084 4396 1248 4451 verba
1300 4409 1523 4466 repente
1556 4398 1644 4470 ‘de
1694 4413 1849 4453 cmna

244 4499 489 4554 surgere,
533 4486 816 4556 oportebat
853 4487 1254 4558 condiscipulos
1283 4487 1664 4559 deprecatores
1692 4488 1847 4544 adhi-

247 4579 400 4643 bere,
431 4577 711 4647 oportebat
732 4578 1036 4634 Servatur-is
1057 4595 1230 4650 genua
1251 4581 1558 4651 complecti,
1593 4581 1849 4650 illumque

247 4668 556 4739 huiusmodi
605 4669 762 4726 dictis
807 4671 1056 4741 placare:
1103 4671 1363 4737 Peccavi,
1404 4673 1844 4740 clementissime,

248 4760 504 4832 peccavi,
553 4761 731 4832 inique
781 4762 898 4830 egi,
948 4777 1071 4818 cum
1119 4762 1428 4817 hominibus
1466 4777 1633 4831 parvo
1676 4764 1849 4833 pretio

247 4854 460 4909 vendidi
502 4854 928 4911 inaestimabilem
974 4858 1350 4926 margaritam;
1391 4856 1574 4927 inique
1613 4855 1698 4927 egi
1741 4859 1845 4913 im-

185 4991 191 5004 ..
245 4965 493 5004 mensum
517 4950 825 5005 thesaurum
852 4965 950 5021 pro
974 4952 1118 5006 tenui
1149 4953 1374 5020 pecunia
1396 4951 1650 5022 prodens.
1679 4953 1846 5010 Parce

245 5040 402 5107 mihi,
437 5039 615 5095 damni
660 5050 714 5094 et
758 5040 1015 5111 perniciei
1056 5043 1386 5098 mercatori.:
1428 5043 1644 5112 ignosce
1676 5043 1844 5110 mihi,

242 5132 404 5202 cujus
443 5131 681 5184 animum
723 5131 838 5185 auri
874 5146 1026 5186 amor
1064 5132 1359 5205 corripuit:
1409 5133 1625 5204 ignosce
1658 5135 1706 5190 ei
1751 5140 1844 5207 qui

243 5238 274 5277 a
304 5219 594 5278 Pharisaais
619 5218 825 5281 nefarie.
847 5226 1105 5297 deceptus
1131 5236 1235 5284 est.
1280 5227 1481 5285 ﬂorum
1517 5231 1724 5286 nullum
1762 5234 1844 5288 vel

244 5317 495 5387 protulit,
526 5317 614 5371 vel
646 5316 938 5388 cogitavit;
969 5320 1065 5377 sed
1092 5322 1350 5392 asperiori
1380 5339 1513 5380 voce
1550 5325 1714 5380 animi
1745 5327 1849 5382 im-

244 5407 560 5478 pudentiam
600 5411 854 5481 patefecit
894 5413 1213 5470 clamando:
1256 5415 1525 5485 Numquid
1563 5434 1654 5489 ego
1695 5435 1806 5473 sum
1826 5461 1843 5486 ,

247 5499 506 5555 Domine?
531 5498 578 5558 0
623 5501 858 5574 linguam
893 5504 1297 5577 impudentem!
1339 5523 1372 5563 ο
1405 5509 1642 5565 animum
1687 5510 1846 5565 indo-

242 5592 476 5647 mitum!
527 5593 824 5665 Interrogat
861 5605 919 5652 ut
961 5597 1180 5668 ignarus
1203 5613 1414 5666 eorum,
1457 5616 1579 5671 quas
1619 5600 1848 5657 medita-

246 5687 430 5754 batur,
474 5697 529 5745 et
569 5689 671 5745 hoc
716 5689 882 5747 latere
932 5702 1081 5762 putat
1115 5694 1274 5751 oculo
1316 5709 1606 5767 numquam
1652 5709 1846 5767 sopore

243 5777 449 5835 clauso.
497 5780 692 5838 Animo
731 5781 914 5840 dolum
954 5792 1166 5856 gestat,
1210 5794 1270 5844 et
1308 5787 1484 5857 lingua
1527 5787 1846 5857 ignorantia:

1503 322 1588 377 DF.
1632 320 2044 378 PRODITIONE
2086 318 2302 378 JUDE.

3458 323 3559 379 718

1958 434 2180 488 verbum
2224 431 2426 501 profert
2460 448 2470 482 :
2509 441 2687 485 mente
2724 431 2835 502 jam
2865 431 3225 502 proditionem
3260 432 3482 501 fecerat,
3508 446 3558 493 et

1953 540 2073 592 ore,
2115 533 2172 578 ut
2203 532 2384 594 putat,
2429 524 2705 592 peccatum
2750 523 2971 593 obtegit.
3021 522 3215 577 Iisdem
3264 532 3425 594 atque
3471 527 3560 580 alii

1955 615 2202 686 discipuli
2258 615 2422 668 utitur
2466 615 2684 679 verbis,
2728 615 2886 692 longe
2929 615 3280 671 dissimilibus
3331 633 3451 672 cum
3494 620 3561 674 sit

1957 707 2197 762 moribus
2226 724 2238 760 :
2269 707 2427 776 lupus
2455 707 2671 785 aninw,
2705 707 2866 769 ovina
2910 707 3202 777 respondet
3227 724 3379 764 voce.
3421 709 3560 779 Quid

1956 796 2025 852 ad
2049 797 2198 851 illum
2225 796 2479 852 Servator
2498 796 2521 850 ?
2542 795 2621 850 Tu
2651 798 2844 851 dixisti.
2869 797 3140 852 Toleranti
3174 813 3304 854 voce
3330 799 3560 870 improbi

1956 905 2172 945 scenam
2203 892 2462 960 coarguit.
2499 890 2715 946 Poterat
2744 891 2890 945 enim
2930 890 3007 945 illi
3045 890 3226 946 dicere
3260 911 3273 946 :
3306 892 3446 962 Quid
3477 893 3563 948 di-

1955 983 2053 1049 cis,
2077 983 2408 1039 exsecrande
2452 993 2507 1039 et
2533 984 2834 1038 scelerate?
2876 983 3001 1054 quid
3031 985 3184 1049 dicis,
3216 988 3562 1056 pecuniarum

1955 1076 2310 1146 mancipium,
2356 1085 2412 1132 et
2454 1076 2650 1130 diaboli
2701 1077 2971 1131 consors?
3017 1077 3255 1133 audesne
3307 1080 3549 1150 ignoran-

1957 1169 2083 1223 tiam
2111 1168 2408 1224 simnlare.?
2434 1168 2600 1223 audes
2622 1170 2876 1239 obtegere
2901 1185 3020 1238 qua:
3046 1170 3222 1239 obtegi
3253 1173 3569 1240 nequeunt?

1955 1276 2134 1316 annon
2187 1261 2463 1315 divinitate
2517 1260 2796 1316 adstaham
2861 1261 2955 1316 tibi
3003 1261 3219 1332 indigna
3274 1263 3570 1319 molienti?

1955 1366 2132 1406 annon
2181 1351 2474 1406 divinitatis
2516 1356 2674 1406 oculo
2717 1362 2768 1406 te
2813 1353 2919 1408 vidi
2963 1353 3250 1408 adeuntem
3293 1344 3568 1425 principes

1956 1447 2338 1504 sacerdotum?
2377 1462 2555 1501 annon
2603 1448 2686 1501 vel
2729 1448 2930 1504 absens
2963 1447 3248 1504 audiebam
3291 1457 3343 1503 te
3379 1446 3566 1503 diecu-

1957 1550 2104 1608 tem,
2122 1541 2260 1610 Quid
2283 1541 2432 1594 uultis
2475 1542 2598 1594 mihi
2637 1542 2779 1607 dare,
2823 1551 2870 1595 et
2917 1559 3006 1613 ego
3034 1542 3171 1596 vobis
3207 1559 3320 1596 eum
3368 1543 3566 1594 tradam

1958 1633 2179 1703 (Matth.
2209 1633 2298 1703 26.
2346 1634 2480 1705 15)?
2531 1649 2597 1687 an
2633 1635 2817 1700 ignoro
2861 1634 3043 1704 quanti
3087 1649 3174 1688 me
3221 1632 3569 1689 vendideris?

1957 1726 2094 1794 Quid
2128 1726 2326 1797 igitur?
2365 1727 2508 1781 itane
2551 1727 2830 1781 convictus
2875 1725 3218 1795 impudenter
3243 1726 3396 1794 agis?
3437 1726 3564 1795 quid

1957 1833 2019 1873 ea
2071 1827 2253 1888 tegere
2299 1819 2514 1873 conaris
2557 1833 2676 1887 qua:
2731 1818 2907 1874 facete
2962 1817 3164 1888 cupis?
3213 1817 3343 1872 mihi
3386 1817 3566 1871 omnia

1957 1910 2099 1966 nuda
2145 1919 2200 1965 et
2246 1920 2431 1980 aperta
2479 1919 2624 1964 sunt.
2663 1910 2790 1965 llatc
2833 1919 2954 1964 cum
3006 1909 3338 1978 respondere
3385 1919 3567 1979 posset

1956 2004 2225 2069 Christus,
2261 2018 2366 2057 non
2407 2005 2480 2056 ita
2525 2003 2773 2072 loquutus
2803 2010 2921 2065 est;
2968 2001 3064 2056 sed
3096 1999 3409 2069 simpliciter
3454 1999 3566 2069 pla.

1959 2096 2186 2166 eideque
2233 2097 2351 2149 sine
2383 2095 2492 2150 ullo
2538 2093 2921 2165 indignationis
2960 2092 3202 2158 stimulo,
3235 2090 3315 2146 Tu
3356 2091 3566 2155 dixisti;

1959 2199 2017 2243 ut
2057 2204 2156 2244 nos
2185 2187 2407 2242 doceret
2443 2187 2522 2241 sic
2559 2201 2682 2240 cum
2714 2185 2944 2240 inimicis
2986 2199 3107 2240 esse
3149 2183 3437 2262 agendum.
3474 2185 3566 2238 At-

1957 2289 2136 2335 tamen
2191 2288 2313 2349 post
2360 2287 2559 2334 tantam
2611 2277 2984 2332 circuitioaem
3031 2276 3226 2330 mansit
3275 2274 3326 2330 in
3374 2274 3568 2329 morbo

1956 2371 2140 2436 ludas,
2174 2387 2280 2426 non
2311 2369 2527 2436 medici,
2556 2369 2651 2425 sed
2679 2370 2990 2439 :egrotantis
3020 2368 3244 2434 incuria.
3276 2365 3370 2422 llle
3410 2381 3568 2420 namq

1957 2478 2061 2532 quc
2085 2463 2265 2517 omnia
2290 2461 2357 2516 ad
2397 2462 2625 2516 salutem
2657 2459 2895 2515 remedia
2921 2457 3265 2525 admovebat,
3308 2456 3394 2513 hic
3434 2474 3567 2513 vero

1957 2569 2021 2609 ea
2051 2553 2335 2608 admittere
2364 2553 2618 2618 nolebat;
2662 2549 2756 2606 sed
2787 2565 2946 2604 unam
2989 2565 3111 2605 cum
3163 2558 3346 2604 nosset
3382 2548 3565 2603 avari-

1959 2648 2106 2710 tiam,
2135 2662 2324 2700 aurum
2355 2638 2573 2701 Ch'risto
2603 2643 2984 2714 anteponebat,
3017 2651 3241 2712 eratque
3272 2642 3356 2707 iis,
3388 2642 3479 2712 qui
3506 2656 3566 2696 se

1957 2739 2351 2805 conduxerant,
2385 2737 2678 2794 benevolus
2717 2746 2882 2807 atque
2907 2734 3098 2790 ﬁdelis.
3129 2734 3407 2790 Accedens
3434 2749 3567 2790 vero

1956 2831 2123 2886 Judas
2159 2819 2374 2884 Christo
2399 2828 2534 2883 dixit
2563 2846 2576 2882 τ
2608 2826 2732 2893 Ave,
2776 2827 2976 2891 Rabbi;
3000 2834 3045 2879 et
3068 2825 3325 2880 osculatus
3348 2835 3425 2879 est
3449 2841 3565 2879 eum

1959 2921 2066 2995 (Ib.
2091 2941 2138 2979 υ.
2170 2922 2283 2992 49).
2310 2920 2491 2975 Novus
2519 2933 2651 2975 sane
2694 2916 3011 2989 proditionis
3038 2915 3250 2982 modus,
3282 2915 3350 2970 ab
3375 2915 3564 2970 osculo

1957 3024 2012 3071 et
2063 3013 2475 3082 compellatione
2523 3010 2798 3080 prodicns.
2851 3009 3001 3063 Jesus
3044 3020 3216 3063 autent
3257 3007 3388 3062 dixit
3432 3007 3563 3062 illi:

1958 3104 2152 3168 Amice,
2185 3104 2254 3156 ad
2283 3103 2409 3173 quid
2439 3103 2617 3156 venisti
2655 3100 2762 3174 (Ib.
2795 3117 2844 3156 υ.
2883 3098 3015 3171 50)?
3041 3099 3170 3170 quid
3212 3115 3298 3156 me
3327 3098 3563 3170 gaudere

1952 3194 2133 3265 jnbcs,
2171 3193 2305 3249 ‘dum
2357 3194 2487 3248 mihi
2536 3193 2736 3247 malum
2785 3191 2985 3248 inferre
3026 3191 3269 3260 cogitas?
3309 3190 3438 3262 quid
3477 3204 3564 3244 me

1958 3287 2123 3342 verbo
2169 3286 2392 3352 deiinis,
2441 3288 2567 3339 dum
2617 3299 2782 3354 opere
2831 3283 3111 3354 percutis?
3176 3297 3334 3336 vocas
3388 3283 3560 3352 magi-

1956 3389 2147 3445 strum,
2197 3395 2319 3434 cum
2363 3393 2470 3433 non
2513 3377 2587 3432 sis
2629 3374 2968 3445 discipulus?
2993 3374 3119 3446 quid
3166 3374 3403 3429 caritatis
3439 3373 3560 3443 jura

1955 3472 2240 3528 confudis?
2281 3486 2378 3526 cur
2410 3471 2555 3540 pacis
2580 3468 2882 3540 symbolum
2915 3467 2970 3521 in
3000 3467 3211 3538 signum
3242 3465 3563 3537 proditionis

1957 3563 2262 3621 convertis?
2315 3563 2594 3634 cuiusnam
2645 3560 2898 3628 exemplo
2962 3559 3066 3614 hoc
3118 3559 3368 3630 peragis?
3419 3557 3558 3615 Num

1955 3658 2036 3713 sic
2101 3654 2282 3711 vidisti
2341 3670 2512 3724 nuper
2581 3652 2922 3708 meretricem
2994 3651 3157 3722 pedes
3227 3652 3558 3707 osculantem

1956 3752 2148 3810 meos?
2188 3768 2315 3806 num
2353 3752 2430 3806 sic
2475 3749 2654 3804 vidisti
2697 3750 3066 3805 centurionem
3115 3750 3172 3803 in
3215 3743 3398 3816 genua‘
3437 3761 3561 3816 pru-

1955 3843 2342 3902 cumbeutem?
2383 3858 2508 3897 num
2549 3841 2687 3897 forte
2733 3841 3009 3897 dremonas
3039 3840 3110 3894 ita
3149 3837 3560 3894 succumbentcs

1955 3934 2178 3992 vidisti?
2220 3935 2353 3991 Novi
2384 3935 2502 4005 quis
2552 3934 2644 3988 tibi
2687 3932 2860 3988 dolosi
2902 3932 3070 3989 osculi
3101 3931 3238 3986 viam
3286 3938 3559 3985 monstra-

1954 4029 2093 4084 verit
2121 4046 2134 4082 :
2164 4027 2412 4082 diabolus
2443 4027 2534 4080 tibi
2567 4024 2688 4080 talis
2715 4024 2995 4094 amplexus
3022 4023 3239 4078 modum
3270 4023 3555 4092 suggessit,

1957 4130 2012 4176 tu
2055 4134 2186 4176 vero
2216 4118 2464 4188 improbo
2504 4115 2814 4173 consiliario
2852 4115 3264 4184 obtemperans,
3304 4114 3422 4182 ejus
3460 4127 3558 4167 vo-

1954 4211 2214 4268 luntatem
2256 4209 2589 4280 exsequeris.
2621 4207 2833 4274 Amice,
2869 4208 2938 4261 ad
2966 4207 3088 4277 quid
3128 4206 3305 4260 venisti
3325 4207 3351 4260 ?
3379 4203 3559 4275 iniqua

1955 4314 2107 4376 pacta
2134 4304 2317 4374 imple,
2359 4318 2477 4373 quae
2509 4317 2646 4358 tcum
2680 4300 2968 4356 Phariszcis
2999 4298 3164 4356 iniisti
3200 4316 3213 4352 :
3241 4296 3562 4352 venditionis

1955 4402 2316 4473 syngrapham
2363 4399 2584 4454 absolve
2639 4414 2652 4450 :
2698 4396 2978 4452 subscribe
3028 4394 3103 4450 illi
3152 4394 3366 4464 negotio
3417 4391 3560 4462 quod

1957 4493 2226 4566 pollicitus
2255 4505 2313 4546 es
2343 4511 2356 4546 :
2389 4491 2557 4561 prode
2581 4503 2728 4555 eum,
2759 4488 2848 4558 qui
2877 4486 3030 4557 prodi
3057 4494 3244 4554 cupit:
3271 4484 3382 4555 jam
3425 4499 3563 4554 pne-

1956 4595 2036 4640 ter
2089 4585 2296 4639 loculos
2350 4581 2674 4637 venditionis
2722 4579 3050 4648 marsupium
3108 4576 3373 4647 posside:
3425 4573 3559 4629 cede

1954 4677 2169 4741 latroni,
2201 4677 2290 4747 qui
2320 4691 2416 4744 per
2441 4671 2834 4728 confessionem
2862 4669 3106 4725 ordinem
3133 4667 3425 4738 adepturus
3451 4676 3557 4729 est,

1954 4786 2112 4843 quem
2159 4779 2213 4823 tu
2265 4782 2360 4838 per
2402 4765 2760 4841 proditionem
2799 4763 3048 4819 amisisti.
3083 4761 3227 4816 Tunc
3267 4761 3562 4816 accedentes

1953 4863 2233 4932 injecerunt
2271 4875 2453 4913 manus
2480 4859 2536 4913 in
2576 4857 2776 4925 Iesum,
2809 4866 2856 4911 et
2886 4865 3154 4910 tenuerunt
3191 4871 3306 4908 eum
3346 4845 3558 4925 (Ibid.).

1953 4953 2104 5008 Tunc
2145 4951 2472 5022 completum
2525 4958 2609 5005 est
2658 4948 3031 5019 prapheticum
3078 4945 3212 5002 illud
3248 4946 3558 5017 eloquium:

1954 5045 2405 5102 Circuntdederunt
2426 5059 2505 5096 me
2528 5042 2656 5096 sicut
2684 5056 2805 5111 apes
2831 5043 3022 5110 favum,
3057 5047 3103 5093 et
3132 5048 3432 5092 exarsenmt
3455 5039 3560 5092 sic-

1953 5148 2009 5193 ut
2052 5138 2184 5207 ignis
2222 5138 2277 5190 in
2314 5134 2476 5203 spinis
2517 5131 2689 5204 (Psal.
2726 5132 2852 5186 117.
2885 5131 3121 5199 12);4c
3161 5143 3413 5184 rursum:
3449 5127 3563 5182 Cir-

1956 5229 2317 5285 cumdederunt
2341 5243 2419 5282 me
2443 5242 2592 5280 canes
2634 5225 2781 5278 multi
2799 5265 2815 5290 ,
2849 5224 2983 5277 tauri
3015 5222 3226 5293 pingues
3259 5219 3561 5276 obsederunt

1953 5339 2034 5376 me
2071 5320 2245 5392 (Psal.
2277 5319 2368 5374 21.
2406 5319 2518 5390 17).
2565 5317 2766 5373 Verum
2806 5331 2839 5370 0
2881 5314 3254 5380 tolerantiam,
3295 5326 3416 5382 qua:
3461 5312 3562 5364 soli

1954 5416 2056 5486 ipsi
2076 5413 2386 5484 competit!
2431 5411 2488 5467 In
2519 5409 2656 5468 ctelo
2697 5408 2988 5466 Cherubim
3033 5416 3090 5464 et
3117 5404 3398 5476 Seraphim
3439 5419 3560 5459 cum

1954 5525 2063 5565 non
2102 5508 2335 5564 audeant
2375 5506 2642 5576 respicere
2681 5503 2964 5559 sublimem
2993 5500 3110 5573 ejus
3148 5499 3394 5571 gloriam,
3442 5499 3565 5551 vnl-

1958 5610 2070 5656 tum
2098 5615 2252 5655 suum
2281 5599 2378 5652 alis
2409 5613 2510 5653 ceu
2539 5595 2783 5652 manibus
2809 5593 3080 5664 operiunt,
3108 5591 3236 5646 etin
3264 5600 3400 5644 terra
3433 5589 3560 5643 dum

1955 5706 2082 5747 caro
2111 5690 2229 5762 ejus
2269 5689 2517 5743 manibus
2560 5687 2864 5757 iniquorum
2902 5691 3196 5749 teneretur,
3237 5680 3287 5735 id
3338 5678 3427 5734 ille
3461 5694 3552 5748 pa-

1957 5787 2205 5844 tiebatur.
2239 5785 2513 5843 Videtisne
2552 5798 2711 5855 quam
2742 5782 2992 5854 patientis
3023 5788 3076 5837 et
3103 5777 3314 5851 benigni
3349 5772 3557 5830 Duinim'
