4084 6432
580 299 681 358 'ri9
1290 301 1345 355 S.
1386 300 1660 358 JO.\N.\'IS
1696 300 2166 358 CHRYSOSTOMI
2210 301 2529 357 ARCiilEP.
2571 299 3106 357 CONS'I‘ANTINOP.
3757 297 3865 352 720

582 412 712 465 servi
757 410 921 466 sitis?
973 409 1135 466 Iidem
1181 426 1308 481 ergo
1355 422 1523 466 estote
1568 427 1689 482 erga
1744 413 1985 468 inimicos
2023 428 2155 468 cou-
2268 428 2457 468 omnes
2491 428 2613 468 cum
2661 429 2794 484 pace
2837 422 2892 468 et
2945 410 3324 480 tranquillitate
3366 408 3640 473 accedite;
3672 423 3866 464 omnes

573 517 760 558 servos
801 513 1026 566 vestros,
1055 486 1265 574 qualem
1292 519 1416 574 erga
1447 505 1689 558 inimicos
1714 521 1838 560 suos
1880 505 2158 560 Dominum
2267 519 2387 559 cum
2437 521 2568 576 pura
2628 504 2953 561 conscientia
3001 502 3275 559 Servatori
3321 514 3689 561 accurramus.
3746 499 3869 566 Ipse

576 594 803 647 vidistis.
848 594 1055 648 Etenim
1107 610 1198 650 vos
1228 611 1438 665 quoque
1478 596 1543 650 ad
1581 612 1788 651 cmnam
1830 596 2157 666 spiritualcm
2265 609 2496 665 namque
2523 605 2609 651 est
2638 597 2870 670 ﬁdelium
2897 593 3156 664 jejunium
3186 603 3346 664 atque
3378 591 3682 646 convivium
3718 606 3734 641 :
3777 590 3869 644 hic

580 686 802 739 meandi
861 687 989 740 estis
1021 703 1035 738 :
1086 702 1204 742 cum
1253 686 1476 740 Domino
1533 687 1949 742 recumbendum
2005 688 2159 741 vobis
2265 687 2521 740 uutritius
2549 695 2706 753 atque
2744 687 3154 750 nutrimentmu,
3186 686 3270 739 hic
3301 693 3484 754 pastor
3509 692 3564 738 et
3585 682 3723 737 ovis.
3759 680 3866 745 Ipsi

579 775 720 827 erit:
769 791 836 829 ee
879 777 997 846 quis
1042 776 1092 830 in
1140 775 1287 829 vobis
1327 775 1491 830 ludas
1534 777 1768 830 moribus
1813 776 2154 845 reperiatur:
2265 778 2434 847 gloria
2467 778 2518 832 in
2547 778 2740 832 stt-cola
2762 777 3103 832 seculorum.
3134 779 3326 832 Amen.

2657 974 3026 986 —.,.—————

607 973 2220 1000 mewmm

1372 973 2646 996 :mwmzm
2657 975 2985 995 77m?

2993 972 3838 1002 Μ

1172 1318 1302 1443 S.
1400 1317 2052 1446 JOANNIS
2149 1319 3275 1450 CHRYSOSTOMI

2027 1879 2376 1940 MONITUM

659 2106 778 2161 Non
808 2125 1007 2177 paucas
1034 2113 1435 2181 peregrinitatis
1457 2121 1615 2169 notas
1661 2113 1713 2168 in
1762 2113 1863 2168 hac
1898 2113 2118 2168 homilia
2157 2113 2629 2186 deprehendimus.
2662 2114 2845 2188 Stylus
2879 2119 3101 2172 omnino
3140 2117 3428 2186 diversus;
3473 2118 3564 2173 illa
3603 2119 3849 2190 Chryso-

588 2223 746 2276 stomi
773 2224 1034 2290 inventio,
1064 2241 1170 2294 qua
1206 2229 1415 2282 cmteris
1440 2227 1698 2298 praecellit
1723 2227 2103 2296 scriptoribus,
2139 2229 2227 2284 hic
2258 2246 2364 2284 non
2395 2241 2693 2300 comparet.
2721 2230 2879 2286 Ratio
2915 2231 3271 2301 compellaudi
3311 2232 3610 2296 auditures,
3644 2247 3847 2300 nempe

599 2337 947 2408 φιλόχριστοι,
991 2356 1152 2409 quam
1185 2340 1274 2394 hic
1302 2351 1547 2410 usurpat.
1580 2341 1630 2394 in
1661 2343 1934 2411 germanis
1971 2341 2346 2413 Chrysostomi
2381 2345 2639 2414 operibus
2660 2349 2746 2401 vix
2779 2347 3102 2416 reperiatur.
3139 2345 3257 2402 Non
3293 2348 3566 2403 immerito
3595 2347 3768 2417 igitur
3791 2357 3846 2402 et

583 2451 966 2518 Combclisius,
1003 2454 1094 2523 qui
1152 2455 1293 2508 hanc
1324 2455 1666 2518 concionem,
1723 2456 1878 2525 quasi
1917 2457 2157 2510 nondum
2188 2458 2443 2514 emissam
2520 2460 2817 2530 publicavit
2846 2476 2990 2515 anno
3044 2461 3202 2527 1656,
3239 2464 3452 2518 latnt-tsi
3505 2475 3570 2516 ea
3627 2461 3839 2515 emissa

584 2569 760 2625 fuerat
801 2575 853 2626 in
902 2573 1150 2626 Editione
1186 2572 1561 2644 Chrysostomi
1598 2571 1831 2642 Operum
1884 2573 2149 2641 Parisina,
2204 2592 2345 2632 anno
2386 2578 2546 2642 1656,
2591 2593 2709 2633 eam
2753 2579 2878 2633 licet
2909 2579 3282 2649 Chrysostomi
3323 2581 3540 2634 nomine
3595 2558 3838 2641 όε‹1ἇε·ἱ1,

592 2687 681 2740 alii
735 2688 969 2742 adscribi
1013 2704 1172 2757 posse
1224 2689 1432 2742 auctori
1488 2691 1717 2745 censuit.
1774 2688 1960 2742 Parem
2000 2690 2144 2744 circa
2184 2690 2328 2744 illam
2391 2691 2609 2745 exhibet
2647 2693 2961 2759 scrupulum
3013 2692 3406 2774 Tillemoutius.
3475 2689 3638 2745 Certe
3681 2705 3837 2755 eum,

571 2917 3418 2936 .—————————————————————————-————-.——
3449 2923 3857 2936 —-——.

567 3018 629 3060 ΙΝ
661 3015 1302 3060 ΕΟΜΜΕΜΟΠΔΤῙΟΝΕΜ
1353 3017 1404 3059 S.
1451 3017 1644 3059 BASSI.
1692 3017 1963 3058 HABITUS
2009 3017 2124 3058 EST
2151 3014 2360 3059 SERMO
2395 3015 2478 3056 DE
2521 3013 2790 3068 TIMORE,
2838 3013 2918 3055 ΕΤ
2962 3014 3045 3054 DE
3091 3013 3313 3057 VERBIS
3371 3013 3550 3070 ILLIS,
3602 3015 3859 3061 DISCITB

1420 3120 1460 3162 Α
1489 3119 1578 3164 ut:
1609 3117 1759 3171 QUIA
1789 3119 1963 3162 anns
1990 3119 2138 3176 εσυ,
2173 3121 2254 3163 ET
2285 3116 2549 3160 HUMILIS
2576 3115 2788 3159 conm:
2835 3095 2946 3179 (a).

2013 3247 2378 3302 6W0

633 3373 683 3425 i.
725 3369 833 3424 Nos
860 3368 1070 3439 quidem
1100 3384 1194 3438 par
1215 3375 1347 3431 erat,
1369 3377 1655 3436 postquam
1685 3367 1735 3419 in
1766 3381 1860 3420 vos
1877 3374 2052 3419 tantus
2077 3364 2144 3420 de
2253 3375 2377 3418 sunt
2411 3366 2575 3433 enim,
2624 3373 2678 3420 ut
2717 3374 2945 3420 testatur
2990 3367 3289 3436 apostolus,
3333 3367 3429 3424 Dei
3470 3369 3630 3436 dona,
3677 3371 3766 3442 qui
3803 3383 3860 3428 et

563 3477 710 3516 more
737 3460 857 3515 fons
883 3461 1141 3515 orationis
1167 3459 1366 3514 effusus
1391 3467 1492 3522 cst,
1523 3467 1578 3512 et
1603 3474 1722 3513 cum
1751 3457 1851 3511 hoc
1878 3465 2137 3525 tempore,
2251 3457 2379 3510 olim
2411 3467 2703 3529 martyrum
2748 3471 2969 3511 munera
3001 3457 3086 3524 iis,
3120 3459 3207 3527 qui
3253 3459 3465 3514 sincere
3494 3461 3669 3530 ipsum
3702 3463 3859 3515 invo-

558 3561 718 3620 atque
761 3565 791 3604 a
834 3550 1264 3619 prmccdcntihus
1310 3548 1679 3604 sacerdotibus
1721 3564 1783 3602 ac
1826 3548 2137 3603 doctoribus
2249 3557 2393 3613 cant,
2413 3548 2691 3619 dilargitus
2708 3558 2810 3614 est,
2835 3557 2888 3603 et
2909 3551 3329 3619 nuncprtecipu‘e
3352 3566 3468 3606 cum
3491 3568 3668 3606 annua
3694 3557 3857 3624 paulo

557 3642 771 3710 eopiosa
793 3642 943 3697 vobis
963 3641 1254 3711 spiritualis
1278 3650 1360 3696 est
1387 3642 1643 3696 instructa
1679 3656 1883 3706 mensa,
1915 3656 2140 3709 pauper—
2246 3651 2368 3711 post
2393 3643 2651 3697 memoria
2701 3643 2910 3696 timoris
2959 3642 3103 3697 illius
3154 3643 3476 3699 celebranda
3526 3647 3616 3707 sit,
3675 3655 3733 3700 et
3775 3649 3850 3701 ad

557 3735 707 3789 culas
746 3742 1048 3789 nostrorum
1103 3733 1386 3789 verborum
1437 3735 1607 3788 stillas
1657 3735 1970 3807 reprimere,
2014 3750 2136 3788 eum
2247 3734 2415 3788 [lcum
2443 3733 2765 3788 laudandum
2792 3734 2862 3789 ob
2893 3735 3163 3789 terribiles
3187 3734 3308 3789 illas
3339 3735 3513 3790 minas
3541 3736 3772 3807 benigna
3794 3749 3852 3792 et

557 3824 854 3893 prmsertim
898 3823 1144 3879 diuturna
1195 3825 1437 3893 corporis
1487 3825 1834 3895 aegritudine,
1885 3840 1948 3879 ac
1990 3826 2137 3879 vocis
2246 3827 2555 3882 misericors
2579 3828 2651 3881 ira
2678 3827 2896 3888 Deinos
2927 3837 3196 3897 provocet.
3221 3827 3464 3883 Vidimus
3487 3830 3630 3885 enim
3659 3848 3850 3886 revera

557 3914 920 3970 imbecillitate
944 3956 959 3980 ,
1003 3925 1162 3985 atque
1221 3917 1354 3970 adeo
1396 3916 1537 3971 curis
1587 3918 1686 3971 sibi
1727 3917 2136 3974 succedentibus
2245 3917 2503 3985 furorem,
2535 3935 2600 3973 ex
2631 3934 2739 3990 quo
2768 3919 3070 3989 benignitas
3097 3920 3434 3984 coruscabat,
3458 3935 3580 3976 eum
3613 3938 3714 3977 uos
3741 3940 3848 3976 tm-

557 4005 828 4073 prtcpcditi
877 4004 1068 4070 simus,
1112 4021 1144 4060 ο
1180 4005 1376 4060 Christi
1423 4017 1663 4062 amantes
1697 4008 2002 4073 auditores;
2039 4009 2134 4063 sed
2241 4010 2402 4081 dique
2450 4013 2609 4066 timor
2650 4020 2806 4067 terra:
2847 4022 3024 4067 motus
3051 4012 3342 4076 obsideret,
3389 4028 3510 4068 cum
3561 4027 3849 4070 creatums

553 4093 803 4164 quoniam
830 4093 1136 4163 inexplebili
1174 4097 1490 4151 concinnum
1514 4113 1784 4152 sacrarum
1811 4113 1993 4154 amore
2017 4115 2137 4155 cor-
2242 4117 2431 4158 omnes
2459 4105 2672 4160 concuti
2713 4121 3082 4172 cerneremus,
3125 4121 3188 4161 ac
3230 4106 3594 4176 pavimentum
3645 4125 3849 4180 magno

553 4184 690 4252 repti
717 4197 814 4237 nos
837 4183 901 4237 ad
926 4182 1210 4239 dicendum
1245 4187 1498 4252 invitatis,
1527 4202 1623 4257 age
1647 4189 1940 4243 Salvatoris
1964 4191 2133 4259 gratia
2241 4193 2440 4262 impetu
2476 4196 2739 4263 quassari,
2788 4195 3036 4252 Salvator
3064 4205 3242 4252 autem
3276 4198 3681 4253 miseratiouum
3713 4216 3845 4253 sna-

552 4274 689 4329 bene
727 4273 945 4343 iuvante
981 4277 1162 4343 paucis
1202 4277 1452 4345 probitati
1497 4288 1708 4346 vestrm,
1759 4295 1878 4349 qua:
1907 4281 2132 4351 tempori
2238 4299 2355 4338 rum
2385 4300 2718 4356 nequaquam
2741 4286 3164 4353 oblivisceretur,
3217 4304 3341 4345 cum
3368 4290 3623 4346 acerbum
3665 4292 3840 4348 inter-

551 4362 818 4432 quadrent
855 4371 912 4418 et
955 4366 1308 4449 conveniant,
1343 4381 1692 4435 apponamus.
1740 4369 1852 4424 Hoc
1889 4370 2031 4425 enim
2077 4381 2133 4427 et
2239 4374 2370 4427 itum
2419 4386 2875 4444 exspectaremus,
2926 4393 3050 4433 eum
3112 4389 3327 4435 nostras
3381 4381 3525 4436 ardes
3573 4383 3841 4437 continuo

551 4452 704 4505 nobis
737 4452 828 4522 qui
874 4451 1120 4516 dicimus,
1175 4462 1230 4508 et
1275 4455 1429 4511 vobis
1456 4458 1544 4525 qui
1573 4457 1767 4513 auditis
1807 4461 1986 4528 aptius
2023 4470 2126 4527 est,
2235 4465 2476 4535 sepulcra
2523 4475 2704 4522 nostra
2750 4466 2953 4523 futuras
3005 4483 3335 4538 putaremus,
3388 4485 3510 4526 cum
3541 4471 3839 4542 agitatione

548 4541 756 4607 opinor,
791 4543 880 4612 qui
900 4543 1109 4598 ratione
1140 4559 1202 4598 ac
1224 4554 1402 4600 mente
1427 4547 1579 4600 vobis
1608 4563 1725 4616 quae
1755 4548 1976 4604 meliora
2003 4559 2129 4605 sunt
2234 4555 2434 4611 detenti
2463 4556 2638 4612 locum
2652 4559 2939 4614 modumvc
2961 4559 3187 4632 perfugii
3217 4560 3423 4615 nullum
3449 4541 3840 4632 reperiremus,

546 4642 600 4687 et
627 4634 777 4688 utilia
810 4638 1156 4705 comparatis.
1189 4637 1265 4692 Ac
1305 4647 1521 4693 sanctus
1550 4641 1762 4708 quidem
1805 4650 1860 4696 et
1895 4643 2126 4699 celebris
2233 4661 2354 4704 cum
2385 4648 2450 4704 ad
2478 4650 2711 4705 medium
2739 4651 2840 4706 diei
2870 4653 3245 4720 pervenientes
3273 4667 3606 4724 nequaquam
3627 4660 3844 4710 visuros

547 4731 750 4794 martyr
773 4732 828 4779 et
851 4727 1134 4795 episcOpus
1181 4727 1396 4795 Bassus,
1427 4729 1517 4799 qui
1558 4744 1764 4784 sacrum
1802 4734 1956 4788 nobis
1985 4735 2126 4790 hunc
2233 4754 2329 4793 nos
2350 4755 2996 4809 vesperamsperaremus.
3019 4757 3138 4797 cum
3160 4759 3372 4799 sursum
3396 4743 3715 4813 ‘-appensus
3727 4748 3844 4815 εει,-

545 4827 866 4873 convcntum
901 4818 1060 4874 hodie
1085 4823 1443 4891 congregavit.
1466 4822 1531 4876 iis
1571 4825 1824 4892 prtemiis,
1862 4842 1982 4894 quae
2009 4828 2124 4883 suis
2231 4829 2346 4885 dius-
2365 4832 2685 4899 immineret,
2719 4848 2781 4887 ac
2809 4833 3057 4888 deorsum
3084 4833 3435 4889 beneficentia
3475 4849 3673 4889 secum
3715 4852 3844 4904 pre-

547 4911 840 4979 promeruit
862 4913 1266 4976 certaminibus,
1288 4915 1397 4983 jam
1419 4916 1644 4986 potitur,
1673 4934 1770 4974 nec
1794 4920 1899 4974 ulla
1922 4932 2124 4976 nostra-
2230 4925 2379 4978 cihns
2430 4937 2648 4981 strenue
2689 4936 2917 4997 gereret,
2958 4941 3079 4981 cum
3098 4943 3199 4982 una
3220 4943 3351 4984 voce
3374 4921 3576 4998 populi.
3601 4928 3841 4985 Domine

547 5013 663 5051 rum
683 4999 894 5055 laudum
913 5001 1200 5058 collatione
1220 5003 1301 5058 vel
1334 5007 1590 5074 pensione
1615 5023 1756 5064 nunc
1787 5011 2010 5079 indiget,
2027 5015 2120 5068 sed
2231 5015 2504 5076 miserere.
2535 5017 2846 5083 clamarent,
2865 5029 2917 5073 et
2940 5019 3192 5074 Dominus
3210 5018 3639 5076 miserationibus
3654 5020 3841 5077 ﬂecte-

547 5105 641 5161 pro
668 5091 842 5158 nobis,
863 5102 919 5147 ut
937 5093 1094 5161 solet,
1116 5095 1182 5150 ad
1213 5095 1494 5153 Dominum
1513 5114 1701 5169 preces
1723 5102 1910 5171 fundit,
1939 5117 2123 5175 utpote
2230 5111 2494 5179 returzqui
2513 5111 3315 5180 enimintuitusolocommovct,
3343 5122 3835 5170 manutrementeai

542 5181 630 5252 qui
652 5195 865 5252 propter
879 5199 1104 5255 agonem
1119 5188 1358 5256 martyrii
1383 5189 1630 5261 loquendi
1655 5191 1900 5250 libertate
1919 5199 2121 5266 gratia-
2229 5212 2524 5256 creaturam
2540 5202 2760 5257 sedavit.
2778 5203 2887 5258 Cur
2914 5219 3016 5258 non
3029 5205 3210 5274 paucis
3227 5205 3326 5258 ista
3339 5205 3707 5273 complector?
3726 5222 3838 5260 ouo

541 5289 648 5344 que
663 5274 944 5346 plurimum
961 5278 1150 5342 valeat,
1174 5289 1226 5334 et
1245 5283 1661 5340 immortalitatis
1683 5299 1876 5342 corona
1893 5289 2121 5345 donatus
2229 5303 2491 5361 tempore,
2533 5294 2631 5347 nisi
2665 5295 2916 5350 Dominus
2943 5295 3172 5351 Sabaeih
3202 5294 3490 5364 adjuvisset
3517 5311 3631 5362 nos
3671 5300 3834 5365 paulo

541 5366 628 5426 sit.
651 5381 804 5437 quam
827 5369 986 5426 etiam
1004 5369 1246 5428 Christus
1274 5374 1511 5432 fidelibus
1537 5381 1868 5449 prteparavit.
1892 5382 2118 5454 Copiosa
2228 5384 2403 5438 mimis
2434 5383 2724 5440 habitasset
2760 5388 2810 5440 in
2864 5385 3068 5441 inferno
3096 5387 3270 5440 anima
3302 5397 3477 5439 nostra
3515 5385 3534 5457 (
3555 5385 3699 5441 Psal.
3729 5387 3824 5440 93.

601 5500 685 5585 (η)Ι
706 5500 878 5554 mna“
901 5517 1013 5556 cum
1051 5514 1156 5559 ω
1182 5511 1329 5573 Regio
1372 5512 1509 5576 19“,
1549 5522 1601 5565 cl
1637 5515 1842 5568 Comum
1872 5519 2012 5580 3038’
2035 5523 2118 5585 qui
2229 5476 2293 5530 i7
2321 5477 2358 5546 ).
2397 5477 2565 5542 Quem
2593 5477 2733 5532 enim
2768 5493 2871 5532 non
2917 5488 3134 5547 stupore
3179 5475 3360 5547 deﬁgit
3393 5476 3701 5547 magnitudo
3729 5478 3830 5532 rei-

541 5563 728 5612 nteudis
749 5573 956 5618 scatent.
1246 5563 1276 5573 “’
1492 5563 1507 5576 ’
1556 5563 1596 5565 ”
1648 5563 1687 5566 ’⁷
1718 5563 1795 5567 ﬁ"
1814 5563 1842 5568 ’⁷
1875 5563 2012 5580 ””’
2038 5563 2118 5585 Tu
2293 5589 2306 5615 ι
2343 5585 2416 5634 sie
2434 5591 2540 5633 Mss.
2569 5585 2686 5635 rum
2714 5598 2851 5646 vero,
2877 5585 3193 5638 extrinsecus.
