4084 6458
199 379 300 436 721

198 491 506 550 scncordiae
524 493 851 552 Salvatoris!
872 509 1008 567 quos
1031 496 1241 552 animos
1261 494 1328 550 ad
1349 495 1546 566 gratias
1561 491 1799 565 agendas

202 585 310 640 non
344 584 568 642 incitant
602 601 724 658 qum
753 593 880 643 tunc
904 586 1236 653 acciderunt,
1265 599 1441 657 neque
1481 584 1656 640 solum
1683 597 1805 655 qua

203 685 316 732 tum
334 679 610 750 temporis,
631 679 726 736 sed
741 680 902 736 etiam
915 696 1035 752 qua:
1049 679 1244 736 deinde
1259 694 1322 735 ac
1336 679 1500 753 paulo
1510 686 1636 736 ante
1649 676 1807 734 nobis

202 772 594 829 occurrerunt?
620 770 802 828 Terra:
845 771 1183 828 ﬁrmamenta
1234 771 1555 835 commovit,
1608 769 1806 828 mdium

203 859 550 919 fundamenta
576 864 873 930 concussit,
899 864 1092 919 domus
1122 873 1392 934 tamquam
1422 860 1685 918 oneraria:
1707 876 1806 915 na-

203 965 302 1008 ves
338 952 392 1007 in
419 953 583 1008 maris
609 952 863 1009 ﬂuctibus
903 953 1264 1024 jactabantur,
1309 951 1591 1022 judiciales
1624 950 1809 1006 oculos

205 1053 414 1102 tantum
435 1045 689 1112 ostendit,
716 1053 772 1101 et
792 1044 1012 1117 perinde
1037 1059 1100 1100 ac
1129 1045 1174 1100 si
1200 1043 1394 1100 mediis
1414 1042 1466 1098 iu
1491 1043 1646 1114 aquis
1687 1057 1811 1098 ver-

201 1150 473 1205 saremur,
499 1139 832 1210 agitabamur
856 1152 1066 1193 omnes.

281 1227 368 1284 Es;
389 1240 537 1284 terras
555 1239 693 1285 motu
719 1231 832 1302 quis
855 1230 1056 1300 [ructus
1070 1229 1136 1285 sit
1171 1227 1506 1300 colligendus.
1524 1255 1599 1268 -—
1617 1223 1811 1281 Multus

204 1331 323 1375 erat
355 1320 534 1387 timor,
551 1335 615 1375 ac
639 1321 822 1376 multis
845 1321 1086 1391 partibus
1104 1319 1374 1389 copiosior
1395 1325 1484 1374 est
1501 1317 1694 1373 timore
1717 1315 1812 1370 mi-

204 1410 522 1467 sericordia.
552 1411 841 1467 Cumeuim
866 1419 1169 1467 creaturam
1191 1411 1438 1481 agitaret,
1456 1422 1562 1465 non
1584 1408 1807 1474 evertit;

203 1516 330 1556 eum
374 1503 620 1558 universa
660 1511 993 1564 concuteret,
1027 1517 1134 1557 non
1174 1502 1292 1556 solo
1335 1501 1586 1573 mquavit,
1635 1513 1811 1570 neque

208 1603 322 1650 tota
359 1605 722 1651 creaturarum
755 1593 1150 1666 pulchritudine
1177 1602 1376 1649 terram
1407 1591 1666 1648 nudavit:
1693 1590 1810 1646 sola

197 1697 352 1744 tecta
378 1688 671 1755 concussit,
702 1699 758 1743 ut
776 1690 879 1743 hoc
904 1696 1062 1758 pacto
1085 1687 1258 1742 solum
1286 1687 1723 1751 admoueremur,
1753 1690 1811 1738 at

205 1781 456 1838 interitus
472 1800 538 1838 ne
553 1789 764 1855 gustum
781 1779 996 1852 quidem
1012 1793 1111 1834 nos
1130 1779 1297 1834 voluit
1311 1778 1566 1834 delibare.
1578 1776 1808 1833 Tantum

206 1875 330 1945 ejus
354 1876 407 1930 in
437 1872 1052 1932 noscommiserationis
1074 1879 1158 1927 est
1186 1871 1422 1942 pelagus.
1452 1868 1560 1925 Sed
1586 1876 1643 1924 et
1666 1865 1810 1936 quod

208 1979 370 2024 terra:
391 1971 672 2024 columnas
693 1968 1052 2033 concusserit,
1082 1966 1186 2020 hoc
1211 1966 1330 2035 ipso
1351 1963 1420 2019 de
1443 1962 1600 2018 nobis
1619 1959 1812 2018 solliei-

209 2067 324 2114 tum
350 2075 412 2114 ac
449 2058 850 2115 misericordem
880 2074 940 2114 se
970 2055 1225 2129 prodidit.
1258 2054 1403 2110 Vidit
1430 2054 1571 2109 enim
1603 2066 1811 2123 prmva-

207 2151 473 2206 ricatorcs
500 2167 598 2206 nos
643 2166 786 2216 esse,
819 2159 980 2220 atque
1024 2148 1234 2203 irritare
1261 2145 1409 2202 illum
1441 2145 1637 2210 solere,
1677 2141 1813 2198 vidit

207 2241 426 2310 rapinas
452 2241 707 2297 adamare
735 2259 748 2294 :
781 2240 914 2295 vidit
953 2255 1051 2295 nos
1074 2239 1292 2294 domum
1341 2236 1524 2292 domui
1559 2235 1807 2305 jungere,

207 2343 266 2389 et
291 2349 478 2404 agrum
515 2349 639 2388 cum
683 2348 813 2403 agro
840 2331 1127 2402 copulare,
1160 2339 1219 2386 ut
1259 2330 1505 2402 proximo
1534 2327 1810 2398 quidpiam

205 2414 516 2480 auferamus
547 2443 562 2479 :
593 2424 721 2480 vidit
764 2423 1128 2495 orphanorum
1159 2435 1496 2493 nequaquam
1539 2417 1808 2484 misereri,

205 2533 383 2586 neque
403 2519 606 2589 judicio
633 2517 914 2574 viduarum
946 2533 1164 2590 operam
1195 2517 1326 2573 dare
1357 2534 1372 2572 :
1404 2516 1540 2572 vidit
1565 2530 1595 2569 a
1622 2513 1812 2568 docto-

203 2610 358 2665 ribus
385 2611 652 2668 contraria
698 2609 816 2666 ﬁeri
856 2625 1064 2678 eorum,
1102 2625 1224 2680 quae
1250 2607 1492 2666 facienda
1511 2605 1762 2662 dicebant
1794 2619 1810 2658 :

202 2704 340 2758 vidit
371 2704 597 2759 turbidis
638 2704 967 2761 theatrorum
1014 2703 1334 2776 spectaculis
1373 2701 1618 2757 addictos
1643 2698 1808 2754 disci-

200 2794 383 2865 pulos,
403 2795 823 2851 ecclesiasticum
837 2795 1080 2850 ordinem
1101 2789 1164 2849 ac
1179 2793 1590 2849 concinnitatem
1609 2784 1810 2863 probro

202 2885 422 2942 afficere
445 2904 460 2940 :
492 2885 624 2940 vidit
640 2887 691 2940 in
719 2886 951 2957 nequitia
975 2895 1031 2940 et
1055 2883 1253 2940 invidia
1274 2885 1475 2949 vivere,
1500 2881 1634 2938 vidit
1661 2881 1808 2937 frau-

201 2976 332 3031 dem
357 2987 478 3031 cum
510 2976 706 3032 invidia
722 2976 997 3047 copulare,
1017 2975 1148 3030 vidit
1173 2975 1530 3030 simulationis
1548 2974 1810 3044 procellas

202 3068 564 3138 simpliciores
581 3077 849 3139 tamquam
877 3069 1082 3140 navigia
1109 3068 1476 3137 submergere,
1498 3066 1810 3122 viditanitni

201 3161 485 3232 proposito
525 3175 740 3224 necare,
772 3159 908 3215 vidit
934 3169 1193 3230 quantum
1225 3173 1513 3229 possumus
1560 3157 1808 3226 iniuriam

204 3250 431 3319 inferre,
452 3251 582 3307 vidit
607 3251 939 3321 naufragium
962 3252 1070 3321 pati
1097 3253 1395 3317 caritatem,
1415 3249 1654 3307 fraudem
1682 3265 1811 3306 vero

204 3342 262 3397 in
312 3342 416 3398 hoc
442 3329 565 3397 vita:
612 3342 804 3414 pelago
855 3343 1213 3413 navigationis
1266 3342 1562 3399 secundum
1590 3355 1809 3397 cursum

205 3442 414 3502 tenere,
447 3435 582 3490 vidit
609 3450 642 3488 a
669 3434 895 3490 veritate
923 3434 1154 3499 resilire,
1201 3444 1364 3504 atque
1400 3432 1681 3489 mendacio
1709 3430 1810 3486 ad-

203 3528 445 3605 hasrere;
476 3528 710 3600 denique
755 3531 813 3583 ut
861 3544 969 3584 uno
1019 3527 1186 3583 verbo
1237 3527 1434 3594 dicam,
1464 3525 1596 3581 vidit
1641 3541 1813 3580 mam-

203 3636 384 3677 mona:
431 3621 610 3691 potius
642 3636 802 3692 quam
847 3621 1077 3677 Domino
1109 3622 1333 3686 servire,
1388 3620 1571 3690 sicque
1613 3629 1812 3675 terram

205 3723 528 3770 trementem
563 3713 715 3771 nobis
743 3724 1012 3786 tamquam
1039 3715 1386 3787 paedagogum
1416 3716 1594 3785 pueris
1620 3714 1811 3773 admo-

204 3809 304 3873 vit,
348 3821 402 3863 et
452 3807 775 3878 indulgentis
824 3807 1012 3863 matris
1039 3808 1243 3862 viscera
1269 3806 1534 3874 exhibuit,
1563 3821 1684 3877 quze
1711 3819 1815 3862 sa:-

207 3913 508 3970 peuumero
558 3897 882 3968 pendentem
935 3899 1004 3953 ab
1033 3897 1290 3953 uberibus
1338 3897 1504 3953 lilium
1551 3911 1708 3952 suum
1747 3911 1814 3952 ac

207 3994 511 4063 plorantem
539 3992 608 4046 ab
635 3991 723 4047 illa
751 3991 936 4047 volens
959 3990 1225 4047 abducere
1254 3991 1660 4055 consuetudine,
1690 4006 1814 4062 par-

205 4099 335 4138 vum
365 4084 514 4139 illum
539 4083 793 4139 lectulum
819 4082 1172 4138 vehementer
1193 4083 1452 4152 concutit,
1483 4099 1590 4137 non
1613 4091 1672 4136 ut
1694 4091 1813 4137 stu-

205 4189 345 4247 pore
377 4173 631 4245 percellat
659 4173 936 4241 infantem,
966 4173 1060 4228 sed
1092 4183 1147 4227 ut
1173 4182 1372 4229 terreat
1402 4192 1415 4228 :
1453 4174 1532 4229 sic
1561 4174 1813 4229 nimirum

209 4277 268 4324 et
298 4267 554 4323 Dominus
581 4268 974 4332 univerSoru-m,
1023 4267 1114 4338 qui
1151 4274 1411 4321 terrarum
1437 4266 1625 4321 orbem
1653 4282 1814 4321 manu

205 4368 403 4437 gestat,
451 4359 598 4414 illum
627 4360 883 4424 concutit,
911 4374 1020 4415 non
1054 4368 1110 4414 ut
1137 4367 1363 4426 evertat,
1393 4359 1486 4415 sed
1519 4368 1578 4415 ut
1600 4375 1696 4418 eos
1724 4360 1816 4432 qui

206 4451 509 4506 insolenter
537 4465 598 4506 se
625 4460 836 4522 gerunt,
864 4451 930 4506 ad
958 4451 1184 4508 salutem
1215 4461 1514 4508 convertat.

281 4542 339 4596 2.
380 4543 563 4614 Neque
590 4558 719 4599 vero
770 4545 1051 4616 quisquam
1100 4545 1475 4616 reprehendat,
1525 4545 1817 4617 quodcum

209 4637 524 4707 induigente
554 4646 726 4692 matre
767 4636 1055 4692 Dominum
1087 4639 1597 4709 comparaverimus,
1645 4655 1816 4710 quan-

210 4730 505 4800 doquidem
565 4731 617 4784 in
652 4731 955 4803 Evangeliis
983 4729 1218 4801 seipsum
1267 4731 1525 4787 Dominus
1551 4732 1666 4802 ipse
1694 4747 1816 4787 cum

209 4824 413 4896 gallina
461 4823 688 4878 contulit
733 4824 919 4878 dicens
948 4841 960 4876 :
989 4822 1299 4890 Jerusalem,
1345 4822 1655 4890 Jerusalem,
1705 4839 1822 4893 qua:

211 4909 408 4971 occidis
434 4917 728 4987 prophetas,
759 4926 808 4969 et
846 4916 1050 4985 lepidas
1077 4933 1180 4983 eos,
1209 4917 1295 4986 qui
1311 4916 1391 4987 ,αα
1430 4923 1477 4971 te
1505 4917 1647 4971 missi
1679 4926 1819 4984 sunt,

213 5009 414 5080 quoties
443 5008 578 5061 uolui
603 5024 913 5079 congregare
937 5005 1071 5076 ﬁlios
1092 5016 1202 5062 tuos
1221 5007 1646 5080 quemadmodum
1672 5008 1824 5080 galli-

211 5099 288 5154 ιω
307 5109 581 5170 congregat
605 5098 776 5170 pullos
800 5115 941 5166 suos,
965 5110 1013 5154 et
1038 5099 1244 5157 noluisti
1289 5098 1310 5171 (
1330 5100 1516 5154 Matth.
1543 5100 1634 5156 2'5.
1664 5101 1730 5155 57
1753 5099 1772 5171 )
1801 5100 1825 5154 ?

214 5192 444 5249 Terram
489 5191 651 5262 igitur
677 5202 953 5262 expertem
984 5194 1178 5247 animae
1207 5192 1473 5263 benignus
1501 5193 1643 5248 Dens
1668 5208 1823 5248 eom-

217 5284 412 5348 movit,
439 5293 498 5338 ut
521 5298 638 5339 eam
667 5299 788 5354 qua:
814 5284 994 5340 anima
1033 5284 1254 5355 praedita
1281 5294 1383 5351 est,
1411 5286 1480 5341 ab
1509 5285 1827 5341 iuordiuatis

216 5376 459 5432 motibus
484 5387 762 5432 revocaret
786 5395 800 5432 :
832 5378 1010 5433 carnis
1032 5377 1306 5433 interitum
1333 5380 1695 5433 comminatus
1719 5386 1823 5444 est,

220 5475 280 5521 ut
307 5465 544 5521 nobisab
558 5467 751 5522 anima:
771 5467 934 5523 exitio
952 5483 1260 5524 caveamus.
1280 5466 1464 5537 Vides,
1501 5484 1534 5523 ο
1574 5469 1658 5540 pie
1684 5467 1829 5525 Chri-

220 5558 421 5623 titione,
450 5565 648 5626 quanta
689 5558 761 5613 sit
783 5559 1055 5615 Creatoris
1082 5575 1206 5630 erga
1269 5576 1373 5617 nos
1415 5562 1829 5618 misericordia?

224 5648 376 5706 vides
416 5651 797 5722 benignitatem
851 5669 918 5708 ex
969 5655 1477 5723 comminationibus
1527 5655 1828 5727 elfulgcre?

224 5739 378 5796 vides
408 5741 807 5799 miserationem
834 5746 1134 5815 praevenire
1165 5745 1583 5816 indignationem
1613 5747 1635 5800 '!
1679 5747 1829 5802 vides

224 5833 548 5889 sententiam
579 5834 816 5891 benitate
841 5835 1085 5908 superavi
1109 5837 1134 5892 '.'
1155 5835 1341 5910 Neque
1368 5837 1420 5893 id
1442 5853 1570 5895 sane
1596 5840 1824 5894 mirum:

1351 379 1443 438 DE
1476 377 1533 440 8.
1577 377 1793 438 ωεεο
1813 375 2186 438 ΜΑΗΊῪΕΕ.

3411 382 3518 436 722‘.

1906 492 2040 563 .ipse
2066 507 2211 550 nunc
2235 492 2399 550 etiam
2428 493 2573 550 mitis
2600 508 2663 550 se
2687 491 2952 564 benignus
2991 503 3076 560 est
3111 494 3367 551 Dominus
3414 511 3513 548 ιιι.-

1913 593 2047 648 ster,
2073 597 2228 653 more
2256 584 2417 640 solito
2442 583 2509 640 de
2528 585 2702 640 salute
2734 594 2916 642 nostra
2945 585 3228 652 sollicitus,
3251 585 3341 655 qui
3367 584 3513 641 clara

1913 685 2048 730 voce
2071 674 2271 732 clamat
2299 675 2352 730 in
2402 673 2733 747 Evangeliis,
2760 686 2818 731 ut
2846 675 3006 748 paulo
3031 683 3158 731 ante
3187 674 3340 730 nobis
3368 673 3514 744 lege-

1911 764 2072 822 batur
2099 782 2114 820 :
2143 763 2338 832 Venite,
2369 765 2598 821 discitea
2622 783 2722 831 me,
2759 767 2880 836 quia
2905 766 3038 821 ntitis
3065 782 3198 833 sunt,
3229 778 3277 821 et
3306 763 3517 820 humilis

1913 857 2068 911 corde
2092 856 2308 929 (Matth.
2342 858 2431 913 il.
2461 856 2590 930 29).
2614 858 2659 914 O
2685 867 2883 930 quanta
2908 856 3185 914 Creatoris
3210 867 3293 913 est
3319 856 3516 932 demis-

1898 940 2036 1005 siOl
2065 964 2166 1006 nec
2193 957 2372 1005 tamen
2400 949 2647 1006 creatura'
2691 957 2989 1005 reveretur.
3024 947 3235 1015 Venite,
3265 937 3456 1003 discite
3487 964 3515 1001 θ

1905 1043 2025 1106 ωε,
2057 1040 2273 1110 quando
2300 1040 2578 1097 advenerit
2607 1040 2868 1097 Dominus
2901 1040 2970 1096 ad
3013 1054 3229 1106 servos,
3268 1039 3359 1113 qui
3397 1053 3519 1109 pro-

1914 1131 2049 1204 lapsi
2076 1131 2308 1199 fuerant,
2326 1131 2705 1190 consolandos.
2731 1132 2806 1187 lta
2833 1131 3043 1202 segerit
3063 1147 3187 1203 erga
3230 1145 3330 1186 nos
3365 1129 3513 1185 Curt-

1914 1226 2049 1292 stits,
2104 1224 2490 1282 misericordia:
2531 1226 2805 1297 specimen
2840 1225 2972 1291 edit,
3007 1240 3130 1280 cum
3182 1232 3517 1295 peccatnrcm

1917 1318 2095 1390 puniri
2121 1327 2399 1390 oporteret
2428 1335 2553 1374 cum
2580 1334 2768 1376 eorum
2798 1333 2970 1391 genus
2999 1331 3161 1373 omne
3193 1315 3397 1380 delere,
3426 1315 3516 1386 qui

1916 1411 2090 1481 ipsum
2113 1411 2477 1481 irritaverant,
2511 1411 2805 1468 mansuetis
2834 1426 2958 1467 reos
2981 1409 3163 1466 verbis
3185 1407 3475 1478 alloquitur
3501 1423 3515 1461 :

1926 1500 2122 1569 Venite,
2163 1502 2342 1557 discite
2377 1519 2410 1556 a
2435 1519 2534 1570 nte,
2559 1503 2680 1574 quia
2721 1501 2860 1557 mitis
2881 1518 3020 1566 sunt,
3047 1510 3092 1556 et
3118 1499 3324 1554 humilis
3345 1499 3516 1557 conlo.

1917 1593 2062 1651 Deus
2088 1594 2306 1650 humilis
2332 1603 2436 1663 est,
2464 1605 2520 1654 et
2546 1595 2709 1650 homo
2754 1593 3042 1650 sublimis:
3073 1600 3387 1647 mansuetus
3437 1600 3522 1646 est

1911 1686 2098 1758 index,
2126 1697 2330 1744 et'reus
2354 1689 2619 1760 superbus
2646 1705 2662 1743 :
2693 1686 2951 1754 humilem
2971 1686 3162 1744 artifex
3188 1699 3376 1741 vocem
3400 1685 3524 1738 mit.

1915 1785 2000 1847 tit,
2023 1794 2078 1841 et
2112 1785 2280 1840 lutum
2310 1785 2463 1856 quasi
2487 1800 2583 1841 rex
2610 1784 2876 1856 quispiam
2919 1781 3178 1853 loquitur.
3215 1777 3410 1846 Venite,
3443 1778 3524 1832 die

1915 1879 2040 1932 scite
2062 1895 2094 1932 a
2113 1894 2213 1943 me,
2239 1879 2360 1950 quia
2386 1879 2522 1933 initis
2543 1894 2676 1944 sunt,
2701 1885 2750 1932 et
2778 1874 2987 1931 humilis
3006 1875 3179 1950 corda.
3209 1871 3326 1930 Non
3353 1867 3520 1926 ﬂexe-

1915 1979 2041 2025 runt
2063 1984 2159 2024 vos
2190 1985 2312 2042 qua:
2338 1977 2757 2041 praecesserunt,
2785 1983 2901 2024 non
2939 1973 3233 2023 exorarunt
3260 1978 3356 2020 vos
3389 1978 3514 2034 qttte

1915 2059 2130 2127 deinde,
2145 2077 2370 2133 quaeque
2386 2061 2681 2133 pauloante
2702 2059 3015 2117 acciderunt
3033 2076 3046 2114 :
3065 2054 3517 2130 quemadmodum

1917 2163 2062 2221 tunc,
2088 2169 2230 2211 nunc
2252 2156 2412 2212 etiam
2437 2165 2738 2212 creaturam
2760 2168 2884 2210 cum
2897 2150 3304 2232 commovisset,
3333 2161 3520 2211 rursus

1916 2263 2036 2304 eam
2065 2248 2433 2318 misericordia
2461 2264 2590 2306 usus
2615 2248 2850 2305 lirmavit
2875 2267 2890 2302 :
2924 2246 3104 2303 Venite
3131 2245 3314 2317 igitur,
3341 2241 3520 2298 disrits

1915 2357 1949 2396 α
1974 2359 2072 2410 me,
2099 2330 2220 2414 quia
2243 2343 2380 2398 mitis
2416 2359 2550 2411 sum,
2580 2352 2628 2398 st
2655 2339 2863 2397 humilis
2887 2339 3059 2397 corde.
3087 2337 3203 2394 Non
3252 2335 3520 2408 ﬂagellum
3607 2369 3621 2381 .

1915 2443 2109 2505 gestat,
2137 2449 2246 2506 quo
2270 2435 2538 2502 verberet,
2566 2435 2660 2492 sed
2689 2443 2956 2499 naturam,
2986 2447 3087 2504 qua
3116 2430 3417 2488 medeatur.

1990 2527 2093 2583 Cur
2122 2529 2257 2583 mitis
2281 2528 2346 2584 sit
2371 2537 2418 2583 et
2444 2528 2652 2583 humilis
2676 2527 2730 2582 in
2758 2525 2920 2582 verbis
2945 2522 3199 2581 Christus.
3225 2551 3300 2566 —
3324 2520 3522 2577 Venite

1917 2627 2078 2691 atque
2121 2619 2441 2677 ineffabilem
2485 2618 2868 2691 benignitatem
2915 2616 3113 2674 videte.
3142 2614 3293 2687 ,Quis
3331 2614 3520 2669 herutn

1916 2712 2140 2768 minime
2175 2712 2552 2768 verberantem
2594 2726 2702 2766 non
2745 2709 2956 2781 diligit?
2991 2708 3114 2781 quis
3149 2705 3382 2778 iudicem
3424 2719 3522 2764 reo

1915 2799 2306 2874 supplicantem
2333 2817 2439 2858 non
2471 2802 2740 2858 miratur?
2764 2800 2996 2858 Omnino
3029 2799 3316 2857 verborum
3347 2797 3525 2853 humi-

1916 2892 2037 2949 litas
2061 2903 2113 2950 te
2134 2894 2186 2949 in
2213 2894 2626 2952 admirationem
2651 2893 2879 2950 traducit
2907 2891 3122 2964 :opifex
3147 2905 3288 2956 sum,
3314 2898 3524 2959 etopus

1895 2999 2098 3040 meum
2117 2984 2316 3054 diligo;
2340 2983 2492 3041 faber
2514 2999 2657 3051 sum,
2680 2992 2736 3040 et
2759 2983 2808 3040 ci
2836 2997 3020 3056 parco,
3045 2996 3204 3054 quem
3234 2980 3524 3042 fabricatus

1916 3089 2057 3130 sum.
2091 3075 2146 3131 Si
2177 3091 2313 3136 mete
2344 3075 2620 3148 dignitatis
2656 3075 2778 3145 jure
2816 3088 3030 3130 summo
3059 3084 3200 3138 utar,
3228 3071 3526 3142 collapsam

1917 3179 2161 3225 naturam
2189 3168 2477 3228 humanam
2506 3169 2729 3225 minime
2767 3167 3026 3234 liberabo,
3053 3163 3521 3222 et-immedicuhili

1919 3260 2108 3316 morbo
2150 3259 2412 3317 laboranti
2449 3260 2552 3316 nisi
2589 3259 2730 3316 lenia
2770 3258 3157 3316 medicamenta
3195 3256 3478 3312 adhibeam
3503 3293 3519 3318 .

1917 3353 2296 3409 convalescere
2321 3353 2413 3408 illa
2441 3352 2664 3409 minime
2692 3351 2888 3423 poterit
2915 3366 2930 3405 :
2958 3349 3064 3405 nisi
3104 3348 3334 3419 benigne
3360 3356 3522 3417 atque

1919 3443 2226 3502 humaniter
2253 3453 2475 3502 tractem
2501 3485 2518 3511 ,
2550 3455 2774 3500 necatur
2802 3461 2816 3498 :
2844 3443 2889 3500 si
2930 3441 3103 3498 minas
3141 3441 3313 3496 solum
3345 3438 3523 3499 inten-

1919 3543 2062 3601 tem,
2096 3535 2443 3592 interimitur.
2478 3534 2689 3592 idcirco
2725 3533 2926 3606 jacenti
2965 3531 3254 3604 emplastra
3290 3529 3525 3586 lenitatis

1918 3643 2133 3700 appono
2164 3647 2179 3682 :
2211 3628 2500 3699 plurimum
2524 3643 2589 3684 ex
2618 3625 3088 3682 commiseratione
3116 3638 3203 3679 me
3241 3621 3519 3684 submitte,

1919 3733 1979 3779 ut
2001 3738 2119 3780 eam
2149 3722 2350 3792 lapsam
2381 3721 2605 3792 erigam.
2634 3718 2912 3776 iacentem
2937 3726 2993 3773 ct
3017 3715 3285 3785 abiectum
3314 3729 3344 3769 a
3374 3713 3524 3782 lapsu

1921 3833 2027 3874 n0u
2055 3817 2255 3872 excitat
2282 3815 2371 3871 ille
2397 3815 2486 3887 qui
2513 3822 2638 3880 stat,
2671 3811 2772 3870 nisi
2797 3826 3014 3868 manum
3039 3817 3095 3865 et
3111 3808 3231 3878 ipse
3255 3807 3518 3863 demittat.

1932 3909 2125 3974 Venite,
2154 3907 2332 3962 discite
2355 3923 2388 3961 a
2415 3922 2496 3961 me
2513 3947 2530 3972 ,
2559 3905 2678 3978 quia
2703 3904 2842 3960 mitis
2868 3919 2983 3957 sunt
2999 3944 3015 3967 ,
3043 3910 3092 3957 et
3120 3900 3324 3954 humilis
3349 3897 3522 3954 corde.

1921 4001 2038 4057 Non
2084 4000 2154 4055 ad
2191 3999 2605 4055 ostentationem
2645 3995 2808 4052 verba
2851 3992 3105 4066 profero,
3137 4008 3317 4048 rerum
3355 4005 3523 4058 expe-

1922 4093 2170 4149 rientiam
2211 4090 2364 4146 vobis
2407 4087 2666 4154 exhibui;
2701 4086 2836 4154 Quia
2873 4086 3010 4141 mitis
3045 4101 3197 4149 sum,
3237 4092 3284 4138 et
3318 4081 3527 4137 humilis

1922 4184 2093 4257 corde,
2126 4197 2188 4236 ex
2221 4196 2286 4236 eo
2317 4189 2457 4236 statu
2487 4179 2698 4250 collige,
2732 4177 2784 4232 in
2814 4192 2974 4248 quem
3016 4174 3301 4232 devenisse
3330 4189 3416 4229 me
3443 4173 3529 4228 vi-

1923 4273 2040 4331 des.
2070 4271 2321 4328 Formam
2353 4271 2559 4327 intuere
2584 4285 2781 4334 meam,
2807 4279 2861 4324 et
2889 4284 3009 4340 quae
3030 4268 3103 4323 sit
3125 4267 3359 4337 dignitas
3383 4281 3527 4331 mea,

1924 4381 2044 4424 eum
2075 4367 2255 4420 animo
2284 4373 2377 4420 tuo
2405 4373 2615 4434 reputa,
2643 4377 2835 4433 meque
2862 4361 3051 4429 adem,
3081 4358 3223 4429 quod
3251 4366 3338 4430 tua
3369 4371 3531 4413 causa

1927 4472 2014 4512 me
2039 4456 2375 4512 demiserim.
2402 4456 2589 4526 Cogita
2618 4453 2757 4508 unde
2785 4451 3060 4525 profectus
3087 4450 3188 4505 sim
3209 4491 3226 4518 ,
3257 4455 3313 4507 ct
3339 4463 3447 4519 quo
3473 4450 3532 4502 in

1929 4548 2049 4605 loco
2078 4559 2254 4605 tecum
2284 4549 2596 4618 colloquar:
2624 4561 2746 4601 cum
2779 4543 2906 4599 mihi
2947 4542 3137 4599 czelum
3166 4539 3322 4601 sedes
3348 4548 3531 4607 esset,

1929 4657 2070 4698 nunc
2093 4651 2142 4696 te
2171 4641 2448 4711 alloquens
2470 4655 2653 4696 versor
2678 4640 2728 4693 in
2758 4638 2916 4693 terris
2942 4652 2956 4688 :
2988 4651 3198 4691 sursum
3227 4632 3531 4710 glorificor,

1929 4744 2066 4789 etut
2097 4733 2416 4803 longanimis
2442 4747 2549 4785 non
2581 4731 2816 4794 irascor,
2857 4728 2995 4793 Quia
3033 4727 3166 4782 mitis
3196 4741 3330 4802 sum,
3359 4735 3406 4779 et
3433 4726 3534 4778 hu-

1932 4827 2067 4880 milis
2093 4825 2263 4880 corde.
2294 4823 2406 4880 Nisi
2433 4825 2576 4878 mitis
2603 4839 2776 4877 essem
2805 4820 3144 4892 Regislilius,
3169 4831 3394 4875 matrem
3422 4834 3537 4875 ser-

1933 4934 2055 4973 vam
2099 4933 2206 4973 non
2245 4918 2526 4988 elegissetn
2560 4933 2573 4970 :
2605 4917 2704 4971 nisi
2738 4916 2880 4969 mitis
2909 4931 3121 4980 essem,
3160 4912 3444 4969 invisibilis
3484 4921 3541 4970 et

1934 5013 2159 5068 visibilis
2185 5012 2500 5067 substantia:
2529 5009 2730 5082 Opifex,
2760 5023 2981 5079 peregre
3010 5007 3078 5063 ad
3105 5023 3199 5062 vos
3225 5021 3331 5062 non
3357 5005 3540 5062 venis.

1937 5121 2051 5159 sem
2079 5121 2091 5156 :
2117 5103 2218 5158 nisi
2249 5103 2394 5159 mitis
2419 5112 2614 5166 essem,
2649 5100 2918 5156 involutus
2947 5099 3128 5157 fasciis
3157 5114 3264 5154 non
3297 5098 3542 5161 fuissem,

1941 5197 2029 5266 qui
2071 5196 2388 5251 smculorum
2430 5209 2547 5248 sum
2581 5202 2768 5262 pater:
2797 5173 2900 5247 nisi
2928 5190 3146 5246 humilis
3175 5205 3384 5255 essem,
3419 5205 3548 5260 pau-

1943 5296 2200 5360 purtatem
2245 5286 2500 5357 prmsepis
2531 5300 2638 5341 non
2671 5284 2953 5340 subiissem
2975 5323 2992 5347 ,
3019 5283 3109 5353 qui
3127 5291 3398 5360 creatura:
3426 5294 3550 5351 pos-

1942 5381 2090 5436 sideo
2117 5379 2334 5434 divitias
2373 5380 2636 5433 universae
2669 5395 2683 5430 :
2715 5377 2815 5432 nisi
2854 5377 3000 5431 mitis
3040 5390 3216 5429 essem
3237 5415 3252 5439 ,
3284 5389 3393 5429 non
3427 5387 3551 5429 cum

1939 5473 2196 5543 jutnentEs
2234 5486 2478 5526 versarer
2513 5471 2588 5537 is,
2614 5484 2771 5540 quem
2803 5483 2974 5538 neque
2998 5465 3290 5522 Cherubim
3327 5475 3555 5535 possunt

1942 5564 2134 5619 intueri
2159 5579 2172 5616 :
2197 5563 2297 5618 nisi
2319 5563 2465 5618 mitis
2482 5577 2680 5627 essem,
2707 5575 2992 5631 numquam
3015 5573 3114 5628 ego
3135 5558 3222 5629 qui
3240 5555 3557 5628 exspuendo

1942 5657 2100 5711 czecis
2143 5655 2322 5710 lumen
2357 5653 2582 5709 inlundo
2606 5695 2622 5722 ,
2648 5654 2716 5709 ab
2743 5652 3107 5723 improborum
3135 5650 3291 5707 labiis
3318 5663 3554 5719 conspu-

1946 5761 2029 5805 tns
2059 5765 2234 5804 essent
2260 5766 2273 5802 :
2298 5749 2402 5804 nisi
2434 5748 2580 5803 mitis
2608 5760 2805 5814 essem,
2839 5759 3132 5816 numquam
3165 5759 3286 5814 ego,
3318 5741 3410 5812 qui
3439 5755 3554 5797 ser-

1945 5856 2042 5897 vos
2088 5840 2443 5910 manumitte,
2488 5839 2739 5897 servilem
2788 5837 3000 5910 alapam
3042 5836 3411 5893 tolerassent;
3453 5826 3552 5882 nisi
