4084 6430
637 372 740 427 ἠδ

642 485 781 540 mitis
807 494 999 546 essem,
1028 476 1243 544 dorsum
1275 485 1450 528 meum
1476 468 1542 523 ad
1571 464 1776 546 ﬂagella
1808 474 1906 534 pro
1933 452 2211 546 mancipiis

639 571 945 631 sustinenda
973 544 1077 623 non
1110 564 1472 638 prmbuissem.
1498 558 1604 615 Sed
1625 545 1724 612 cur
1739 569 1858 624 ego,
1880 547 2020 620 quod
2046 544 2216 638 majus

637 673 720 719 est
740 703 755 728 ,
786 676 891 716 non
918 635 1169 729 profero?
1195 655 1290 710 nisi
1319 652 1461 706 mitis
1485 664 1658 705 essem
1679 688 1694 712 ,
1719 660 1840 700 eum
1870 640 1957 696 alii
1987 637 2095 710 pati
2124 635 2217 691 de-

642 755 847 818 berent,
881 766 985 806 non
1014 749 1197 818 utique
1219 760 1317 816 ego
1338 743 1427 814 qui
1453 741 1580 796 nihil
1601 736 1880 797 debebam,
1905 730 2092 786 mortis
2121 740 2218 797 pro

624 845 742 903 illis
766 843 999 898 debitum
1041 837 1407 894 exsolvissem.
1447 833 1559 902 Ego
1599 843 1725 884 vero
1761 822 1994 885 exsolvi,
2027 827 2086 874 ut
2120 831 2218 888 pro

639 934 749 989 illis
778 933 865 1003 qui
895 932 1143 988 deorsttm
1171 927 1307 998 apud
1336 925 1531 979 inferos
1554 916 1942 979 detinebantur,
1967 911 2215 1003 mulctam

639 1025 886 1095 supplicii
914 1035 1266 1076 numerarem.
1293 1016 1407 1072 Non
1433 1016 1575 1069 enim
1605 1011 1842 1064 vivorum
1871 1013 2072 1060 tantum
2103 999 2218 1055 Rex

639 1092 779 1179 sum,
807 1114 899 1169 sed
926 1113 1082 1169 etia‘m
1111 1110 1364 1166 Dominus
1387 1115 1732 1161 mortuorum.
1760 1099 2046 1165 Propterea
2072 1092 2215 1146 viam

640 1217 916 1275 utramque
955 1200 1366 1271 dispensationis
1405 1197 1651 1250 insistens
1685 1190 1825 1246 veni.
1855 1188 2026 1244 Homo
2053 1197 2217 1254 appa-

640 1297 722 1352 rui
742 1338 759 1362 ,
792 1296 958 1350 factus
987 1309 1103 1347 sum
1131 1301 1186 1347 et
1213 1290 1278 1344 ad
1309 1287 1573 1343 modicum
1606 1293 1814 1351 tempus
1851 1286 2092 1333 mortuus
2114 1315 2130 1339 ,
2159 1280 2218 1327 ut

637 1387 885 1443 omnibus
923 1385 1083 1439 etiam
1126 1381 1215 1450 qui
1255 1379 1356 1435 sub
1399 1386 1537 1430 terra
1577 1380 1763 1436 erant,
1805 1363 2216 1438 incorruptionis

640 1494 774 1533 mea:
813 1476 1009 1530 duuum
1056 1471 1400 1540 impertirem.
1453 1464 1657 1528 Venite,
1695 1461 1868 1513 discite
1898 1474 1931 1510 a
1958 1472 2066 1518 me,
2095 1453 2216 1526 quia

640 1569 776 1622 mitis
799 1583 939 1632 sum,
968 1574 1015 1619 et
1044 1562 1247 1616 [inmitis
1273 1557 1442 1616 corde.
1473 1557 1555 1610 Ab
1577 1552 1737 1607 animi
1768 1550 2040 1620 proposito
2061 1586 2076 1610 ,
2107 1557 2214 1597 non

638 1674 670 1713 a
715 1667 899 1712 natura
951 1664 1034 1710 est
1082 1655 1252 1709 vilitas
1301 1665 1471 1705 mea:
1518 1641 1872 1700 inaccessibili
1921 1635 2212 1693 substantia

638 1749 887 1820 praeditus
917 1762 1055 1812 sum,
1083 1746 1177 1800 sed
1204 1752 1400 1806 mente,
1428 1754 1547 1811 qua:
1571 1753 1629 1793 se
1653 1736 1720 1792 ad
1746 1746 1934 1790 omnes
1955 1727 2212 1786 extendit.

645 1839 839 1905 Venite,
870 1840 1045 1894 discite
1067 1856 1097 1892 a
1124 1853 1223 1904 me,
1253 1836 1370 1905 quia
1399 1834 1531 1887 mitis
1555 1846 1699 1894 sum,
1730 1837 1776 1882 et
1801 1822 2004 1880 humilis
2027 1820 2212 1886 corde,

635 1945 745 1986 non
771 1920 1043 2001 dignitate.
1072 1929 1307 1983 Modicus
1347 1940 1463 1980 sum
1485 1965 1499 1988 ,
1526 1923 1571 1978 si
1597 1927 1806 1990 spectes
1829 1913 1990 1970 animi
2019 1925 2214 1982 propo-

635 2023 795 2077 situm
815 2062 832 2088 ,
862 2037 964 2075 non
991 2022 1033 2076 si
1063 2019 1351 2090 potentiam
1383 2033 1398 2071 :
1427 2013 1627 2083 angelis
1657 2007 1908 2065 terribilis
1937 2019 2056 2059 sum
2093 2015 2216 2070 pro-

637 2125 755 2184 pter
778 2115 1092 2185 potentiam,
1125 2109 1427 2166 hominibus
1457 2114 1671 2176 propter
1695 2101 1855 2155 animi
1884 2096 2212 2169 propositum

634 2220 752 2259 sum
793 2204 1023 2258 humilis.
1068 2203 1264 2266 Venite,
1292 2200 1466 2254 discite
1497 2214 1528 2250 a
1561 2212 1659 2263 me,
1693 2195 1810 2264 quia
1832 2191 1966 2244 mitis
1998 2203 2137 2251 sum,
2167 2193 2215 2238 et

636 2297 840 2349 humilis
879 2295 1049 2348 corde.
1090 2293 1207 2348 Non
1257 2308 1351 2361 pro
1393 2299 1597 2344 naturae
1635 2300 1770 2340 mea:
1798 2281 2101 2338 conditione
2132 2277 2212 2330 lo-

635 2401 800 2455 quor,
832 2384 923 2440 sed
964 2392 1118 2454 prout
1151 2379 1564 2437 misericordiam
1604 2390 1777 2430 meam
1817 2373 2010 2435 decet,
2050 2366 2211 2422 verba

634 2475 792 2529 facio.
822 2475 979 2530 Multo
1007 2474 1134 2529 mihi
1164 2475 1338 2528 carior
1366 2480 1448 2527 est
1476 2466 1825 2524 mansuetudo
1862 2477 2019 2534 quam
2065 2469 2213 2529 pote-

633 2576 763 2620 stas.
801 2566 914 2621 Rex
947 2581 1063 2620 sum
1101 2580 1221 2635 ego,
1251 2564 1340 2634 qui
1385 2572 1436 2617 te
1482 2561 1726 2630 alloquor
1748 2575 1761 2611 :
1787 2569 1974 2623 magna
2003 2551 2212 2622 quidem

633 2658 830 2713 virtute
857 2658 1054 2727 polleo,
1082 2657 1176 2712 sed
1209 2658 1330 2710 nolo
1365 2653 1619 2724 potentia,
1648 2664 1766 2721 quze
1794 2648 1920 2701 mihi
1959 2644 2212 2714 suppetit.

636 2758 779 2804 tuam
807 2748 1219 2803 imbecillitatem
1247 2743 1677 2816 perterrefacere.
1703 2739 1819 2795 Non
1840 2737 1980 2803 dico,
2005 2733 2208 2797 Venite,

635 2839 823 2895 discite
854 2854 883 2893 a
924 2853 1012 2893 me
1034 2880 1050 2906 ,
1079 2838 1198 2907 quia
1227 2838 1481 2892 Dominus
1520 2848 1636 2888 sum
1659 2873 1675 2898 ,
1706 2846 1805 2901 ego
1845 2829 1932 2899 qui
1970 2827 2216 2882 dominor

643 2933 932 2999 creaturis,
963 2932 1049 3003 qui
1087 2931 1313 3001 respicio
1353 2938 1547 2984 terram
1571 2969 1586 2991 ,
1622 2935 1676 2980 et
1703 2923 1877 2979 efﬁcio
1901 2931 1960 2976 ut
1985 2925 2210 2984 tremat,

640 3026 729 3094 qui
753 3027 939 3080 cadum
964 3025 1155 3080 metior
1179 3023 1374 3094 palmo,
1396 3030 1450 3077 et
1471 3032 1662 3076 terram
1688 3032 1862 3088 pugno
1883 3024 2038 3070 teneo
2059 3010 2210 3085 (lsai.

638 3115 850 3185 10.12)
885 3134 897 3170 :
929 3114 1044 3181 sed,
1086 3113 1277 3177 Venite,
1307 3112 1483 3166 discite
1503 3128 1536 3164 a
1567 3127 1667 3176 me,
1697 3109 1816 3179 quia
1843 3106 1979 3161 mitis
2007 3120 2136 3167 sum,
2168 3112 2215 3157 et

638 3207 842 3261 hiunitis
865 3206 1035 3260 corde.
1069 3204 1144 3260 lta
1172 3220 1288 3260 sum
1319 3186 1460 3257 mitis
1488 3221 1502 3259 :
1536 3200 1762 3270 peccasti
1795 3208 1849 3253 tu
1869 3237 1885 3264 ,
1912 3207 1968 3252 et
1991 3209 2090 3265 ego
2116 3193 2213 3248 ila-

630 3297 786 3366 gellis
811 3312 927 3351 sum
956 3310 1159 3358 cassus;
1191 3295 1262 3348 ita
1293 3301 1482 3362 sponte
1509 3306 1625 3345 sum
1656 3288 1869 3343 humilis
1903 3305 1917 3342 :
1941 3284 2060 3340 veni
2089 3297 2211 3354 ego,

633 3397 697 3444 ut
722 3403 833 3452 eos,
863 3388 950 3458 qui
982 3387 1234 3441 servitute
1260 3383 1654 3454 premebantur,
1683 3382 1734 3435 in
1763 3380 2064 3435 libertatem
2097 3377 2214 3431 vin-

636 3479 904 3546 dicarem,
949 3487 1003 3533 et
1052 3478 1149 3550 ipsi
1195 3492 1282 3531 me
1326 3477 1661 3530 liberatorem
1703 3472 1869 3541 alapis
1909 3468 2215 3525 ceciderunt

637 3570 814 3634 simul,
846 3579 899 3625 et
925 3569 977 3622 in
1003 3584 1215 3624 crucem
1242 3567 1568 3622 sustulerunt
1595 3564 1685 3635 qui
1722 3563 1977 3618 servitute
2001 3573 2212 3631 preme-

631 3661 858 3732 ‘bantur,
888 3669 940 3715 et
974 3669 1153 3731 postea
1184 3659 1393 3714 Patrem
1429 3674 1602 3713 meum
1631 3671 1726 3727 pro
1756 3656 1881 3725 ipsis
1910 3667 2102 3724 rogans
2127 3653 2210 3708 di-

629 3751 820 3806 cebam
849 3768 863 3804 :
894 3748 1080 3816 Pater,
1117 3750 1312 3804 dimitte
1349 3749 1454 3803 illis
1485 3764 1502 3802 :
1532 3765 1632 3802 non
1675 3747 1810 3801 enim
1853 3744 2050 3810 sciunt,
2089 3741 2212 3806 quid

643 3843 832 3913 faciunt
861 3841 1012 3913 (Luc.
1042 3841 1131 3897 23.
1158 3843 1271 3911 3i).
1313 3840 1488 3896 Venite
1515 3841 1690 3912 igitur,
1717 3840 1892 3894 discite
1918 3854 1950 3891 α
1976 3852 2073 3898 me,
2096 3835 2214 3906 quia

636 3937 774 3988 mitis
794 3952 928 4003 sum,
947 3943 995 3989 et
1019 3935 1222 3990 humilis
1243 3936 1408 3989 corde.
1437 3933 1645 4000 Venite,
1671 3934 1907 4003 supplico
1927 3939 1980 3986 et
2005 3941 2212 3998 precor,

635 4041 745 4080 non
785 4041 870 4080 me
911 4026 1072 4094 pudet
1111 4025 1444 4096 supplicare,
1485 4038 1667 4079 servos
1705 4037 1852 4077 meos
1889 4035 2044 4074 orare
2081 4034 2213 4074 con-

637 4130 817 4174 tentus
856 4134 974 4173 sum
997 4159 1012 4183 ,
1044 4133 1112 4174 ne
1153 4133 1313 4186 cogar
1359 4118 1545 4187 punire
1577 4133 1589 4167 :
1616 4115 1791 4168 venite
1813 4157 1826 4179 ,
1857 4112 2043 4167 discite
2073 4126 2100 4164 a
2130 4125 2215 4165 me

639 4209 1095 4266 mansuetudinem
1151 4211 1332 4280 prius,
1378 4222 1533 4276 quam
1587 4205 1875 4261 terribilem
1927 4205 2212 4272 potentiam

639 4303 890 4372 spectetis
917 4320 931 4357 :
958 4301 1168 4368 venite,
1196 4315 1336 4354 nunc
1365 4299 1580 4353 medeor
1599 4339 1615 4362 ,
1643 4297 1800 4364 paulo
1838 4305 1956 4365 post
1986 4295 2215 4349 rationes

643 4393 964 4457 subducam;
991 4407 1131 4446 nunc
1152 4406 1331 4460 parco,
1359 4391 1513 4458 paulo
1537 4400 1652 4458 post
1675 4387 1988 4442 sententiam
2016 4386 2211 4450 feram;

644 4496 783 4537 nunc
812 4495 928 4534 sum
965 4481 1265 4534 misericors
1286 4519 1299 4543 ,
1331 4479 1489 4548 paulo
1520 4487 1634 4547 post
1658 4478 1831 4546 justus
1855 4477 2015 4546 judex
2047 4490 2211 4543 appa-

641 4571 787 4627 rebo.
835 4569 1036 4635 Venite,
1065 4570 1241 4623 discite
1263 4587 1292 4622 a
1318 4587 1396 4623 me
1413 4611 1428 4635 ,
1459 4570 1577 4639 quia
1605 4570 1737 4621 mitis
1764 4585 1874 4622 sum
1893 4609 1907 4631 ,
1937 4579 1981 4618 et
2009 4566 2214 4618 humilis

638 4661 808 4716 corde.
843 4660 937 4715 Vel
981 4661 1434 4714 mansuetudinem
1466 4660 1721 4716 honorate
1744 4700 1757 4718 ,
1799 4659 1881 4713 vel
1928 4658 2213 4727 potentiam

642 4753 1013 4823 pertitoescite.
1058 4750 1673 4823 Venite,praoccupate
1717 4749 1902 4804 faciem
1948 4764 2117 4803 meam
2161 4749 2212 4802 in

640 4841 1026 4897 confessionem
1056 4863 1068 4897 :
1101 4851 1337 4911 tempore
1365 4841 1561 4911 quippe
1589 4840 1936 4894 mansuetudo
1963 4840 2057 4894 ista
2096 4853 2212 4892 mea

640 4933 998 4987 discriminata
1025 4943 1124 4988 est.

715 5024 767 5076 5.
800 5023 1065 5077 Secundus
1095 5020 1282 5077 Christi
1308 5022 1549 5076 adventus
1587 5022 1838 5074 terribilis.
1868 5053 1936 5061 —
1967 5021 2043 5074 Ad
2079 5021 2215 5075 hanc

637 5113 807 5168 solam
853 5114 1010 5168 vitam
1057 5124 1369 5184 prmsentem
1410 5116 1674 5185 pertinet,
1716 5124 1773 5167 ut
1805 5114 2214 5184 longanimitatis

646 5221 777 5259 mea:
821 5207 1088 5274 specimen
1130 5206 1283 5260 edam
1316 5223 1327 5259 :
1364 5208 1536 5261 veniet
1565 5215 1805 5274 tempus,
1836 5221 1940 5274 quo
1971 5219 2214 5259 mansue-

644 5298 836 5347 llltliltls
881 5295 1034 5364 hujus
1075 5311 1204 5350 mem
1248 5305 1393 5364 porta
1433 5297 1704 5349 claudctnr
1733 5315 1744 5348 :
1776 5298 1945 5350 veniet
1976 5308 2209 5364 tempus,

642 5404 747 5454 quo
775 5387 1019 5457 lacrymm
1059 5399 1391 5456 peceatorum
1429 5389 1686 5442 stillantes
1718 5387 1844 5440 nihil
1880 5389 2163 5456 proderunt
2195 5405 2210 5442 :

641 5479 814 5533 veniet
845 5489 1084 5548 tempus,
1117 5497 1221 5550 quo
1259 5483 1487 5550 undique
1517 5481 1822 5550 clangentes
1849 5481 1986 5535 tubae
2020 5498 2211 5536 secun-

640 5568 766 5621 dum
808 5569 1092 5623 adventqu
1141 5586 1316 5625 meum
1360 5571 1662 5626 indicabunt
1706 5589 1718 5623 :
1766 5571 1974 5638 quando
2018 5583 2210 5625 terram

642 5669 1009 5727 percurrentes
1037 5664 1331 5718 universam
1354 5666 1522 5734 angeli
1551 5666 1710 5718 multa
1740 5664 2018 5720 multOt'um
2047 5665 2210 5718 millia

641 5749 698 5803 in
721 5751 968 5820 judicium
1001 5753 1259 5808 adducent
1296 5773 1306 5807 :
1337 5757 1544 5826 quando
1584 5753 1808 5813 tribunal
1843 5772 2018 5815 turum
2050 5758 2210 5813 colio-

1372 356 1429 413 S.
1465 347 1741 413 JOANNIS
1774 331 2246 400 CllRYSOSTCII
2291 328 2602 387 ARCIIIEP.
2625 325 3154 386 CONSTANTlNOP.

3791 325 3908 373 ἠδ

2319 448 2556 512 cabitur,
2585 456 2639 502 et
2675 460 2835 516 super
2861 445 3103 500 calestes
3142 442 3362 496 virtutes
3397 447 3582 493 vectus
3609 435 3860 494 incedam
3890 451 3907 489 :

2319 538 2531 609 quando
2558 539 2880 608 principatus
2903 544 2958 592 et
2982 542 3268 606 potestates
3291 531 3551 588 venientis
3575 531 3718 585 latus
3743 529 3915 598 stipa-

2320 629 2452 684 bunt
2483 646 2496 684 :
2525 627 2737 698 quando
2763 627 2908 698 regni
2944 626 3048 680 mei
3087 624 3363 680 luminaria
3403 620 3660 678 mundum
3689 620 3914 675 univer-

2319 737 2436 775 sum
2481 719 2852 775 illuminabunt
2879 736 2892 771 :
2921 716 3136 788 quando
3175 716 3291 770 libri
3334 712 3640 784 aperientur
3671 723 3870 764 eorum
3893 745 3912 772 ,

2318 820 2437 883 quas
2466 811 2825 882 unusquisque
2864 810 3028 880 gessit
3056 808 3108 862 in
3137 807 3242 861 vita
3272 824 3286 860 :
3313 805 3526 875 quando
3554 802 3690 872 legis
3715 801 3914 855 obser-

2317 903 2462 957 vatio
2500 903 2775 972 exigetur,
2817 914 2872 957 et
2911 901 3210 956 daemonum
3239 905 3484 952 exactum
3523 891 3870 948 ratiocinium
3894 891 3912 922 ⁸

2321 997 2619 1067 proferetur
2648 1012 2665 1053 :
2695 995 2908 1065 quando
2933 1009 3056 1051 reus
3083 994 3331 1056 sistetur,
3357 990 3442 1044 cui
3473 989 3586 1044 sola
3613 1001 3781 1058 opera
3808 1000 3911 1056 po-

2321 1095 2494 1141 terunt
2516 1086 2829 1156 patrocinari
2854 1085 3090 1154 :quando
3111 1075 3456 1152 cogitationes
3475 1080 3832 1144 accusabunt,
3858 1085 3911 1131 et

2319 1176 2642 1230 conscientia
2670 1176 2946 1229 conviucet
2975 1193 2987 1227 :
3016 1173 3229 1244 quando
3258 1169 3472 1241 maligni
3497 1169 3720 1239 spiritus
3746 1167 3910 1221 verba

2313 1263 2509 1333 judicis
2537 1264 2808 1319 attendcnt
2837 1281 2849 1317 :
2877 1263 3089 1333 quando
3127 1261 3314 1316 fornax
3354 1260 3676 1314 sententiam
3708 1256 3913 1327 judicia

2317 1355 2644 1424 exspectabit
2669 1371 2684 1412 :
2707 1354 2917 1424 quando
2942 1352 3158 1406 verbum
3190 1351 3339 1412 illud,
3365 1351 3641 1412 Miserere,
3663 1348 3781 1418 jam
3806 1363 3911 1401 non

2316 1446 2540 1514 amplius
2583 1445 2830 1500 clamanti
2880 1444 3136 1513 proderit.
3189 1441 3374 1496 Venite
3422 1440 3582 1510 igitur
3618 1447 3912 1507 antequam

2319 1535 2459 1589 fores
2481 1536 2876 1589 miserationum
2899 1548 3132 1588 mearum
3155 1530 3450 1594 occludam,
3467 1539 3761 1598 antequam
3790 1526 3914 1580 vita

2316 1624 2578 1679 nundinas
2604 1624 2742 1679 ﬁniri
2763 1626 3055 1694 contingat,
3081 1632 3363 1692 antequam
3391 1621 3513 1674 vita:
3538 1617 3912 1690 spectaculum

2317 1713 2630 1784 praeterierit
2653 1732 2665 1765 :
2691 1716 3040 1783 przestitutum
3064 1713 3204 1767 enim
3229 1721 3440 1780 tempus
3469 1710 3588 1764 linis
3613 1709 3805 1763 saeculi
3831 1716 3916 1762 est

2316 1806 2367 1860 in
2408 1805 2602 1875 januis.
2637 1804 2859 1870 Venite,
2901 1805 3205 1875 priusquam
3250 1803 3494 1872 incipiam
3534 1801 3789 1870 judicare
3821 1817 3836 1853 :
3868 1798 3914 1852 si

2315 1895 2455 1949 enim
2501 1896 2609 1966 jam
2653 1895 2846 1950 sedens
2889 1897 3135 1964 incipiam
3175 1893 3433 1964 judicium
3468 1907 3770 1956 exercere,
3802 1905 3914 1945 non

2315 1987 2540 2055 amplius
2591 1985 2923 2040 condonabo.
2979 1987 3262 2054 Propterea
3327 1983 3587 2038 fatuarum
3638 1983 3914 2053 virginum

2315 2077 2612 2145 exetnplnm
2655 2076 2918 2145 patefeci,
2969 2092 3190 2146 quarum
3240 2076 3360 2130 vita:
3407 2074 3707 2144 lampades,
3764 2074 3913 2144 quod

2314 2166 2487 2220 oleum
2513 2167 2730 2234 justitim
2759 2183 2863 2222 non
2893 2168 3167 2233 haberent,
3197 2168 3469 2222 exstincta:
3503 2175 3627 2221 sunt
3651 2209 3667 2232 ,
3706 2173 3767 2220 et
3803 2180 3915 2234 quo

2314 2267 2468 2327 pacto
2497 2257 2635 2313 fores
2664 2259 2766 2311 illis
2786 2258 3050 2314 conclavis
3075 2259 3253 2326 sponsi
3283 2257 3509 2312 occlusa:
3537 2257 3647 2312 sint
3686 2255 3912 2328 (Matth.

2311 2347 2401 2402 25.
2447 2349 2496 2401 i.
2537 2348 2670 2418 sqq.)
2691 2389 2708 2415 ,
2738 2364 2844 2418 quo
2873 2360 3028 2417 pacto
3055 2347 3388 2418 pulsantibus
3421 2347 3527 2400 illis
3553 2361 3616 2401 ex
3663 2346 3913 2401 interiori

2313 2437 2505 2491 mdium
2535 2447 2688 2508 parte
2713 2438 3076 2507 responderim
3096 2479 3111 2501 ,
3146 2436 3334 2491 Nescio
3359 2453 3443 2491 eos
3462 2479 3478 2503 ,
3504 2437 3702 2506 quibus
3727 2437 3914 2492 verbis

2309 2530 2503 2599 judicia
2530 2545 2714 2584 vocem
2737 2571 2752 2594 ,
2792 2546 2895 2601 qua
2936 2539 3241 2601 peccatores
3268 2529 3567 2599 alloquetur
3590 2569 3607 2595 ,
3635 2529 3912 2598 expressi.

2314 2623 2367 2679 Si
2398 2639 2524 2693 ergo
2551 2623 2876 2679 Dominicam
2916 2624 3289 2693 benignitatem
3310 2665 3324 2688 ,
3352 2623 3574 2688 fratres,
3601 2637 3672 2677 ex
3719 2622 3914 2678 Salva-

2316 2715 2445 2769 toris
2485 2716 2660 2770 verbis
2701 2714 3016 2781 didicimus,
3058 2730 3124 2769 nc
3158 2714 3392 2784 judicem
3431 2729 3790 2783 spcrnamus,
3822 2714 3913 2784 qui

2315 2809 2531 2862 mitibus
2555 2807 2730 2861 verbis
2758 2822 2855 2861 nos
2890 2815 3014 2861 ante
3038 2805 3224 2876 judicii
3252 2814 3460 2876 tempus
3485 2806 3780 2875 alloquitur
3799 2845 3815 2868 ,
3844 2820 3914 2860 ne

2315 2901 2639 2971 poenitentia:
2663 2900 2998 2954 occasionem
3019 2900 3324 2954 amittamus
3348 2916 3361 2951 :
3391 2897 3546 2951 bonis
3572 2897 3835 2966 operibus
3860 2907 3913 2951 et

2313 2994 2665 3064 eleemosynis
2691 2991 2896 3046 animas
2937 3000 3148 3046 nostras
3175 2990 3460 3044 vestiamus
3492 3006 3505 3043 :
3540 2989 3912 3058 unusquisque

2315 3095 2552 3140 nostrum
2574 3085 2640 3137 ad
2663 3083 2820 3137 vitam
2842 3091 3096 3137 a-ternam
3120 3080 3514 3151 adipiscendam
3538 3084 3910 3135 necessarium

2314 3182 2586 3245 comparet
2625 3179 2978 3229 commeatum
3004 3212 3020 3238 ,
3061 3171 3129 3227 ab
3171 3170 3364 3241 iniquis
3400 3169 3702 3225 actionibus
3737 3169 3910 3224 absti-

2315 3280 2554 3321 neamus.
2579 3263 2634 3320 Si
2659 3263 2801 3318 enim
2825 3262 2983 3318 tidem
3009 3272 3246 3317 nostram
3265 3264 3641 3315 inconcussam
3670 3261 3724 3313 in
3752 3259 3913 3314 bonis

2313 3359 2563 3429 operibus
2581 3369 2978 3421 conservemus,
2997 3362 3255 3409 creaturae
3273 3352 3548 3408 nobiscum
3571 3353 3912 3408 inconcussa

2314 3450 2722 3523 permanebunt.
2747 3448 2964 3503 Animas
2988 3456 3196 3502 nostras
3214 3447 3456 3501 castitate
3480 3444 3830 3510 deeoremus,
3857 3453 3913 3500 et

2315 3558 2461 3612 pura:
2497 3541 2618 3596 fidei
2659 3538 3080 3594 iuxestimabilem
3112 3537 3446 3608 margaritam
3478 3545 3595 3591 tuto
3631 3535 3795 3591 nobis
3825 3537 3912 3590 in-

2314 3650 2474 3704 super
2497 3633 2851 3702 acquiramus,
2875 3637 3155 3700 antequam
3181 3628 3302 3682 vita:
3331 3635 3528 3681 nostra:
3558 3634 3776 3696 tempus
3802 3626 3913 3681 ela-

2316 3727 2488 3793 batur,
2511 3734 2795 3795 antequam
2819 3723 2982 3794 figura
3001 3720 3206 3786 mundi,
3223 3729 3278 3776 ct
3299 3719 3396 3774 tios
3415 3719 3620 3790 gloriae,
3639 3728 3698 3773 et
3715 3734 3914 3775 omnes

2317 3827 2541 3874 terrcn;e
2588 3816 2793 3871 delicia:
2836 3815 3090 3869 tollantur
3131 3821 3184 3868 ct
3234 3819 3488 3883 pereant,
3534 3812 3912 3879 incorruptum

2308 3909 2544 3980 judicem
2576 3907 2728 3962 nobis
2753 3905 3121 3962 conciliemus.
3152 3902 3270 3972 Ipse
3297 3904 3438 3958 enim
3463 3909 3575 3970 est,
3606 3901 3699 3972 qui
3730 3901 3868 3956 dicit
3895 3919 3911 3931 ~

2330 4001 2447 4056 Vivo
2474 4016 2587 4071 ego,
2610 3999 2729 4052 dicit
2757 3997 3002 4051 Dominus
3028 4013 3047 4050 :
3076 3996 3195 4049 nolo
3215 4006 3425 4049 mortem
3451 3994 3747 4065 peccatoris,
3780 4006 3915 4048 sicut

2315 4094 2532 4148 converti
2560 4109 2672 4146 eum
2700 4101 2748 4144 et
2774 4091 2934 4144 vivere
2960 4087 3181 4156 (Eucti.
3215 4087 3301 4142 18.
3329 4085 3456 4157 '52).
3488 4085 3544 4141 Si
3587 4086 3782 4155 punire
3818 4102 3915 4140 cu-

2316 4194 2465 4255 peret
2505 4192 2870 4254 peccatorem,
2904 4189 3102 4234 taceret
3129 4196 3143 4232 :
3173 4178 3410 4232 misereri
3443 4176 3552 4230 vult
3574 4217 3589 4242 ,
3620 4186 3910 4245 propterea

2316 4284 2495 4331 monet
2524 4294 2536 4330 :
2571 4275 2770 4344 parcit,
2808 4272 3006 4326 idcirco
3050 4269 3293 4325 hortatur
3322 4287 3336 4322 :
3367 4266 3711 4337 praedicendo
3741 4276 3911 4321 terret

2316 4378 2397 4430 te,
2429 4382 2496 4421 ne
2525 4365 2698 4434 reipsa
2738 4364 2790 4416 iu
2834 4360 3125 4433 periculum
3169 4359 3390 4414 incidas.
3431 4357 3570 4413 Deus
3609 4357 3754 4410 enim
3783 4372 3910 4411 cum

2315 4459 2576 4519 minatur,
2607 4471 2824 4511 servare
2853 4453 2959 4508 vult
2990 4472 3002 4507 :
3035 4469 3156 4509 cum
3189 4467 3315 4506 vero
3344 4450 3504 4516 silet,
3535 4449 3721 4504 statuit
3745 4451 3910 4505 casti-

2241 4550 2259 4563 ’
2313 4567 2454 4622 gare.
2484 4550 2773 4604 Possumus
2797 4564 2864 4603 ex
2891 4548 3112 4600 aliorum
3142 4545 3520 4615 experimentis
3540 4545 3641 4598 hoc
3669 4543 3908 4599 discere.

2315 4642 2678 4698 Couuninatus
2716 4649 2798 4693 est
2839 4639 3084 4694 Ninivitis
3108 4679 3122 4702 ,
3160 4650 3213 4692 et
3246 4637 3484 4707 pepercit
3515 4654 3529 4691 :
3561 4637 3726 4690 tacuit
3763 4638 3910 4706 apud

2314 4736 2636 4799 Sodomitas,
2668 4743 2721 4789 et
2757 4733 2957 4803 punivit
2990 4750 3002 4784 :
3032 4745 3254 4787 coronas
3287 4730 3624 4800 praeparavit,
3657 4729 3758 4782 nisi
3790 4740 3907 4784 tor-

2317 4838 2489 4884 menta
2518 4826 2672 4881 nobis
2703 4826 2831 4896 ipsis
2869 4815 3175 4878 inferamus.
3207 4821 3362 4890 Cupit
3386 4820 3683 4891 gehennam
3713 4822 3909 4886 otiari,

2314 4923 2458 4990 cupit
2485 4919 2822 4974 tenebrarum
2846 4931 3116 4970 carcerem
3145 4913 3414 4976 claudere,
3445 4912 3589 4979 cupit
3619 4912 3752 4965 iram
3783 4929 3906 4967 om-

2315 5029 2434 5067 nem
2477 5011 2690 5065 diabolo
2736 5022 3043 5072 rcservare,
3072 5006 3218 5076 cupit
3253 5003 3415 5073 judex
3449 5002 3637 5057 sedere
3659 5041 3676 5066 ,
3712 5019 3818 5055 non
3856 5013 3908 5054 ut

2313 5105 2519 5175 aliquos
2547 5102 2722 5172 puniat
2744 5144 2755 5161 ,
2786 5099 2877 5153 sed
2909 5108 2964 5152 ut
2993 5112 3181 5152 omnes
3207 5104 3442 5150 coronet.
3477 5095 3608 5148 Cum
3639 5094 3798 5163 igitur
3829 5102 3910 5144 ta-

2316 5197 2420 5252 lem
2452 5196 2730 5250 Dominum
2762 5192 3050 5247 habeamus
3072 5233 3088 5257 ,
3117 5189 3481 5260 prmripiamus
3511 5186 3795 5255 benignam
3841 5185 3908 5238 il-

2315 5292 2415 5347 lam
2444 5305 2627 5346 vocem
2651 5332 2664 5352 ,
2697 5291 2975 5357 pareamus
3002 5283 3196 5338 dicenti
3229 5301 3241 5336 :
3279 5281 3452 5334 Venite
3471 5320 3484 5340 ,
3523 5279 3696 5332 discite
3726 5296 3757 5330 α
3786 5297 3868 5330 me
3887 5321 3901 5338 .

2313 5385 2430 5454 quia
2457 5383 2590 5436 mitis
2619 5398 2750 5442 sum,
2780 5389 2824 5431 et
2854 5377 3061 5431 humilis
3089 5376 3237 5428 corde
3263 5371 3473 5436 (Matth.
3511 5371 3592 5424 ll.
3624 5370 3740 5440 29),
3769 5381 3819 5422 ut
3849 5381 3903 5423 et

2313 5475 2597 5543 optabilem
2641 5471 2783 5524 illam
2824 5483 2886 5522 ac
2924 5466 3130 5520 felicem
3170 5478 3350 5517 vocem
3383 5461 3566 5514 ainlire
3597 5475 3904 5512 tttcreatmtr

2314 5567 2574 5621 dicentem
2605 5581 2617 5616 :
2659 5561 2861 5626 Venite,
2893 5557 3136 5610 benedicti
3172 5554 3339 5607 Patris
3367 5553 3462 5604 mei
3481 5593 3494 5617 ,
3527 5552 3776 5621 possidete
3803 5568 3896 5621 pa-

2380 5765 2396 5796 ι
2432 5770 2573 5821 Caus,
2599 5769 2642 5811 et
2666 5759 2958 5824 agendorum
2981 5762 3207 5806 accurata
3233 5752 3363 5803 ratio.
