4084 6426
225 334 346 392 7!!!

230 466 404 504 ratum
429 447 565 502 vobis
591 463 800 520 regnum
830 446 1044 520 (lauit.
1075 446 1166 503 25.
1198 445 1292 514 3i)
1324 463 1338 499 :
1366 460 1472 514 quo
1513 460 1609 499 nos
1638 459 1828 501 omnes

231 541 440 594 utinam
470 541 627 606 potiri
654 540 953 612 conlingat,
982 541 1148 611 gratia
1174 547 1229 594 et
1257 538 1581 610 benignitate
1617 536 1827 594 Domini

1388 330 1456 388 IN
1491 330 1588 390 SS.
1631 330 1924 390 PE'l'l'lUM'
1952 330 2038 387 ET
2077 325 2358 389 llELlAl‘.

3428 321 3532 378 πο

1939 443 2106 499 nostri
2139 442 2295 500 'Jesu-
2327 441 2525 499 Christi
2546 483 2562 506 ,
2595 457 2718 496 cum
2764 454 2870 510 quo
2911 438 3053 497 Patri
3085 436 3254 508 gioria
3279 447 3534 494 unacutn

1937 536 2138 608 Spiritu
2165 540 2371 603 sancto,
2395 534 2449 589 in
2469 533 2667 589 ιωωιει
2692 531 3034 587 malorum.
3058 530 3250 584 Ante.

265 801 3518 846 mw

1709 997 2086 1058 MONITUM.

258 1187 388 1245 qua:
421 1170 656 1226 Petrum
677 1158 1074 1237 interrogabat,
1108 1165 1278 1222 luisse
1326 1164 1665 1221 meretricem
1705 1179 1719 1217 :
1755 1177 1880 1216 cum
1914 1162 2041 1216 item
2074 1178 2270 1233 magna
2303 1159 2590 1215 coztcionis
2614 1172 2746 1230 pars
2797 1157 2900 1215 hae
2926 1158 2981 1213 in
3029 1174 3086 1214 re
3133 1157 3414 1229 probanda
3442 1161 3543 1216 lu—
3575 1195 3582 1200 -

259 1265 519 1324 sumitur,
551 1259 757 1315 Heliam
795 1259 1041 1313 videlicet
1073 1259 1306 1329 graviter
1329 1270 1606 1326 peccasse,
1640 1270 1788 1321 cum,
1810 1253 2060 1310 Jezabele
2085 1264 2271 1309 necem
2297 1251 2500 1306 inferre
2533 1251 2968 1322 sibi'quzerente,
3005 1249 3145 1321 fugit
3172 1251 3261 1306 ille
3275 1253 3521 1322 quadra-

257 1358 411 1431 ginta
448 1357 658 1411 dierum
689 1354 883 1424 spatio.
917 1352 1013 1409 llis
1038 1368 1139 1423 ego
1177 1352 1244 1406 de
1273 1352 1456 1407 causis
1485 1351 1626 1405 hanc
1654 1350 1935 1405 homiliam
1971 1349 2112 1403 inter
2144 1348 2362 1417 spot-ias
2391 1346 2648 1417 ablegare
2674 1346 2862 1401 statim
2904 1344 3212 1423 cogitabam
3258 1362 3272 1397 :
3308 1354 3366 1400 at
3399 1361 3525 1401 cum

257 1446 499 1501 SaviLus
525 1451 580 1498 et
629 1442 1010 1499 Tillemontius
1036 1441 1266 1513 γνησίαν
1317 1441 1466 1495 illam
1519 1455 1643 1496 esse
1679 1440 1991 1509 Opinentur,
2028 1439 2153 1493 licet
2187 1438 2276 1493 hic
2330 1448 2642 1508 postremus
2693 1451 2804 1492 non
2844 1437 2967 1492 sine
3003 1435 3241 1507 quodam
3267 1437 3543 1509 scrupulo

256 1551 382 1594 eam
421 1536 694 1608 germanis
723 1545 1062 1601 annumeret,
1106 1535 1239 1589 satis
1271 1533 1436 1597 habui
1467 1548 1586 1588 eam
1613 1534 1755 1589 inter
1784 1542 2072 1604 suspectas
2114 1531 2318 1589 locare.

330 1653 838 1727 [interpretationem
871 1651 1119 1706 Latinam
1148 1663 1345 1704 novam
1373 1648 1540 1704 edidi.

330 1765 561 1840 (Totam
594 1767 734 1822 hanc
762 1767 1062 1828 h'omiliam.
1099 1769 1282 1823 multis
1315 1767 1708 1824 omlssio‘nibus
1762 1762 2146 1830 deformatam,
2192 1780 2318 1822 cum
2352 1756 2556 1820 Savilio
2614 1763 2966 1819 contulerunt
3021 1776 3187 1834 atque
3231 1764 3536 1837 integritati

254 1858 623 1914 restituerunt
643 1857 945 1914 doctissimi
983 1858 1193 1914 Gaume
1231 1877 1245 1913 :
1283 1874 1518 1930 quorum
1550 1875 1650 1914 nos
1677 1859 2068 1924 cerrectiones,
2108 1875 2140 1916 e
2171 1858 2379 1914 Savilio
2409 1865 2709 1924 mutuatas,
2737 1863 2927 1945 nostra
2957 1856 3204 1926 ipsorum
3229 1857 3536 1913 collatione

255 1955 439 2013 ἀσηυο
463 1953 740 2024 probatas,
778 1956 1102 2026 recepimus.
1133 1955 1293 2012 Ebtr.
1328 1953 1527 2026 PA‘I'R.)

277 2216 1863 2242 m—

1220 2397 1337 2476 Η
1409 2400 1668 2476 PETB
1685 2402 1851 2478 ΠΜ·
1909 2397 2446 2478 A'I’OSTOLU
2464 2401 2545 2477 Μ’

1445 2616 1521 2659 ΕΤ
1562 2614 1628 2660 IN
1667 2615 1900 2659 HELIAM
1941 2614 2340 2660 ΡΒΟΡΗΕΤΔΜ.

316 3073 369 3128 ι.
416 3073 574 3129 Pauci
602 3073 763 3131 hodie
793 3076 948 3132 nonis
974 3077 1167 3134 adsunt
1199 3094 1215 3135 :
1245 3079 1370 3150 quid
1417 3081 1468 3135 in
1510 3096 1668 3136 causa
1713 3079 1839 3137 est?

240 3164 532 3236 Iartyrum
575 3168 888 3222 memoriam
927 3171 1260 3225 celebramus
1285 3215 1300 3239 ,
1344 3182 1398 3227 et
1441 3188 1600 3229 nemo
1646 3173 1710 3228 ad
1739 3190 1839 3230 nos

242 3257 467 3312 accessit
496 3273 510 3310 :
539 3257 637 3312 viae
665 3258 897 3326 spatium
924 3260 975 3313 in
1007 3263 1284 3331 segnitiem
1311 3278 1404 3318 eos
1429 3263 1702 3332 coniecit?
1731 3265 1837 3319 imo

245 3364 353 3404 non
376 3348 477 3401 vite
498 3349 753 3416 spatium,
784 3350 878 3404 sed
911 3351 1115 3419 ignavia
1136 3353 1515 3422 impedimento
1546 3353 1661 3408 fuit.
1693 3353 1842 3410 Sicut

244 3440 387 3493 enim
426 3440 596 3494 virum
640 3441 942 3496 studiosum
969 3453 1024 3498 et
1049 3445 1228 3498 animo
1267 3446 1516 3500 solertem
1547 3445 1675 3501 nihil
1705 3447 1842 3501 deti-

246 3544 378 3582 nere
410 3537 600 3598 potest,
634 3530 704 3583 ita
735 3544 950 3600 segnem
981 3547 1044 3588 ac
1071 3534 1353 3588 remissum
1384 3537 1560 3591 omnia
1586 3538 1844 3607 impedire

250 3627 491 3686 possunt.
538 3618 798 3690 Martyres
830 3623 1101 3691 proprium
1133 3626 1446 3695 sanguinem
1480 3642 1574 3696 pro
1621 3631 1845 3684 veritate

245 3708 517 3775 fuderunt,
541 3719 594 3763 et
615 3720 668 3765 tu
692 3727 759 3766 ne
782 3713 1042 3767 tantillum
1065 3715 1275 3783 quidem
1300 3716 1503 3772 itineris
1522 3720 1847 3774 contemnis?

255 3797 337 3853 Illi
365 3812 460 3867 pro
486 3799 698 3854 Christo
725 3811 886 3870 caput.
905 3802 1168 3858 dederunt
1190 3847 1206 3868 ,
1230 3815 1282 3860 et
1311 3815 1362 3859 tu
1395 3824 1460 3862 ne
1481 3817 1640 3863 extra
1659 3809 1844 3864 urbem

249 3888 465 3958 quidem
495 3906 590 3958 pro
621 3891 848 3947 Demitto
871 3893 951 3947 vis
980 3895 1206 3964 egredi?
1235 3897 1493 3954 Dominus
1516 3916 1612 3970 pro
1633 3910 1684 3955 te
1707 3917 1848 3955 mor-

251 3988 376 4032 tuus
410 3988 493 4034 est
517 4021 533 4046 ,
564 3989 618 4035 et
656 3990 709 4035 ttt
756 3996 975 4051 segnem
1022 3999 1147 4054 erga
1179 3985 1460 4053 Dominum
1504 3998 1554 4043 te
1593 3989 1848 4044 exhibes?

251 4069 510 4124 memoria
561 4081 853 4142 martyrum
880 4074 1032 4130 adest
1060 4116 1074 4140 ,
1117 4085 1170 4130 tu
1199 4093 1329 4132 vero
1365 4079 1623 4136 remissus
1656 4080 1848 4151 jaccs?

252 4156 412 4211 Adsis
438 4169 667 4226 oportet,
699 4170 756 4214 ut
785 4162 966 4216 videas
991 4164 1259 4220 diabolum
1285 4178 1609 4237 superatum,
1645 4181 1848 4242 marty-

251 4262 370 4303 rem
400 4248 652 4303 viclorem
679 4291 695 4316 ,
726 4251 892 4306 Deum
922 4253 1096 4322 gloria
1136 4257 1462 4312 celebratum
1484 4299 1498 4324 ,
1548 4259 1846 4314 Ecclesiam

248 4347 579 4392 coronatam.
612 4339 715 4395 Sed
744 4341 954 4396 illorum
983 4343 1098 4399 haec
1122 4348 1395 4402 excusatio
1433 4357 1510 4403 est
1538 4389 1552 4415 ,
1597 4350 1850 4405 Peecator

250 4444 393 4494 sum,
424 4437 583 4500 atque
608 4431 726 4485 ideo
768 4433 1025 4489 accedere
1054 4450 1156 4490 non
1189 4452 1424 4505 possum.
1454 4440 1607 4509 Atqui
1637 4457 1696 4494 ea
1734 4441 1846 4509 ipsa

252 4521 322 4575 de
347 4535 505 4575 causa
531 4521 670 4592 quod
700 4534 946 4593 peccator
972 4527 1045 4580 sis
1069 4566 1083 4591 ,
1115 4529 1311 4583 accede
1335 4570 1349 4593 ,
1379 4538 1436 4582 ut
1463 4546 1529 4584 ne
1571 4546 1600 4583 a
1638 4531 1840 4599 justitia

253 4612 495 4666 cxcidas.
523 4614 652 4679 Quis
679 4624 856 4669 autem
881 4615 1176 4683 hominum,
1206 4619 1291 4673 dic
1319 4620 1468 4684 mihi,
1492 4621 1607 4675 sine
1633 4627 1857 4690 peccato

253 4703 378 4757 est?
406 4701 509 4757 Sed
537 4713 816 4774 propterea
845 4706 1159 4761 sacrificium
1190 4718 1244 4762 et
1278 4709 1541 4775 Ecclesia,
1572 4721 1846 4780 prOptcrea

254 4807 442 4863 preces
464 4809 525 4848 ac
545 4794 765 4864 jejunia,
792 4797 1043 4865 quoniam
1067 4799 1229 4850 multa
1248 4808 1372 4852 sunt
1393 4801 1584 4855 animo:
1606 4803 1849 4857 vulnera:

254 4885 379 4940 ideo
410 4885 574 4938 multa
603 4885 990 4940 medicamenta
1020 4889 1318 4957 excogitata
1345 4899 1504 4954 sunt,
1562 4899 1624 4944 et
1644 4892 1708 4946 ad
1740 4894 1849 4947 sin-

252 4978 376 5048 gula
425 4977 644 5031 vulnera
690 4977 896 5047 singula
941 4979 1039 5048 ipsi
1081 4981 1426 5050 congruentia
1464 4983 1851 5040 medicamenta

252 5079 380 5125 sunt
419 5079 734 5140 praeparata.
780 5070 956 5125 Habes
998 5071 1290 5127 Ecclesiam
1319 5075 1577 5129 sacrificia
1620 5076 1851 5131 oﬂ‘eren-

253 5171 362 5215 tem
387 5201 403 5225 ,
445 5162 715 5215 orationes
757 5170 964 5230 patrum
993 5203 1010 5228 ,
1056 5163 1568 5219 administrationem
1617 5165 1851 5235 Spiritus

252 5253 449 5319 sancti,
477 5263 769 5326 martyrum
801 5260 1085 5308 memorias
1106 5297 1118 5321 ,
1150 5265 1456 5310 sanctorum
1479 5259 1850 5326 congregatio-

255 5359 379 5397 nem
405 5384 419 5407 ,
451 5353 505 5397 ct
533 5345 721 5398 similia
753 5345 942 5411 multa,
971 5362 1091 5415 qum
1124 5355 1173 5400 te
1200 5361 1228 5398 a
1256 5348 1566 5414 peccatoad
1590 5348 1844 5416 justitiam
1872 5365 1876 5368 ·

253 5450 508 5490 revocare
535 5437 740 5506 possint
769 5457 781 5492 :
810 5453 916 5492 non
942 5437 1211 5492 accessisti
1235 5440 1298 5491 ad
1322 5439 1679 5508 precationem
1702 5446 1846 5492 mar-

321 5565 396 5628 (α)
428 5566 602 5616 collata
624 5581 732 5616 cum
747 5568 998 5618 Codicihus
1022 5569 1168 5628 Regio
1191 5567 1330 5624 2012,
1359 5571 1409 5618 et
1430 5570 1718 5619 Colhertinis
1734 5569 1842 5629 850,

253 5627 398 5692 505:7,
423 5637 474 5676 et
497 5629 637 5687 4,70“,
663 5631 744 5692 qui
763 5631 960 5692 Codices
997 5627 1126 5679 tanta
1161 5639 1254 5678 tam
1299 5631 1540 5679 ineondita
1579 5638 1630 5679 et
1662 5627 1842 5681 insulsa

253 5688 507 5758 imitamini
527 5688 788 5758 lectionum
833 5691 1128 5758 discrimina,
1148 5699 1204 5758 ut
1231 5705 1287 5739 ea
1327 5692 1479 5740 solum
1505 5701 1735 5743 annotare
1761 5707 1844 5758 par

259 5753 420 5812 fuerit,
445 5763 555 5814 qua:
578 5750 776 5816 alicujus
799 5754 1028 5802 momenti
1057 5754 1341 5802 videbantur
1369 5768 1499 5804 esse.

1948 3094 2174 3160 tyrum;
2217 3109 2442 3166 ecquam
2490 3097 2655 3155 habes
2718 3099 2971 3156 veniant?
3007 3100 3154 3158 Nihil
3199 3116 3450 3172 asperum
3498 3102 3563 3158 its

1947 3185 2124 3240 medio
2168 3190 2396 3256 positum
2418 3199 2502 3246 est
2528 3231 2543 3255 ,
2591 3202 2644 3247 et
2677 3201 2852 3249 tamen
2881 3209 2910 3248 a
2944 3227 2957 3248 ι
2986 3205 3242 3266 artyrutn
3287 3205 3569 3250 convento

1946 3275 2211 3334 cohibitus
2239 3281 2342 3334 es?
2393 3284 2476 3335 Αι·
2509 3283 2783 3341 szecularis
2833 3295 2883 3341 te
2929 3301 3058 3342 cura
3106 3287 3376 3366 detinuit?
3421 3287 3558 3345 llinc

1947 3369 2122 3438 majus
2144 3371 2369 3426 crimen.
2403 3372 2479 3430 Ne
2520 3376 2736 3431 brevem
2766 3378 2980 3446 quidem
3011 3379 3202 3434 horam
3235 3378 3345 3434 Deo
3385 3377 3556 3435 {mne-

1951 3462 2057 3513 rari
2087 3461 2298 3516 voluisti
2327 3505 2341 3527 ,
2371 3473 2428 3519 ut
2469 3465 2736 3535 integrum
2768 3467 2910 3522 diem
2956 3468 3280 3540 acciperes?

2021 3550 2124 3608 Cur
2159 3557 2443 3612 sacerdotes
2469 3544 2687 3628 peccatis
2729 3559 2972 3616 obnoxios
3006 3579 3112 3617 esse
3143 3561 3284 3618 Deus
3311 3561 3519 3617 voluerit
3539 3581 3563 3628 ε

1951 3641 2136 3700 Petrus
2153 3663 2363 3717 peccare
2379 3651 2702 3720 permittitur,
2727 3662 2784 3705 ut
2807 3654 3090 3710 misericors
3109 3671 3235 3728 ergo
3261 3656 3389 3711 alios
3405 3666 3564 3711 esset.

1950 3767 2022 3779 —-
2059 3739 2315 3796 Peccator
2356 3757 2515 3810 sum,
2571 3743 3009 3816 inquies,neque
3033 3747 3084 3801 id
3132 3744 3372 3818 possum.
3422 3747 3558 3814 Quia

1950 3841 2202 3902 peccator
2229 3848 2317 3898 es,
2350 3834 2470 3890 ideo
2495 3835 2778 3906 ingredere
2809 3854 2823 3891 :
2857 3853 2924 3892 an
2957 3838 3172 3908 ignoras
3202 3841 3323 3894 illos
3349 3840 3508 3893 etiam
3537 3881 3566 3905 ν

1953 3926 2040 3995 qui
2090 3927 2241 3980 altari
2288 3927 2501 3983 adstant
2531 3968 2545 3992 ,
2593 3929 2825 3997 peccatis
2869 3944 2989 3984 esse
3031 3930 3336 3985 obnoxios?
3376 3929 3565 3986 Carne-

1952 4024 2072 4068 sunt
2107 4015 2296 4081 induti,
2313 4026 2365 4069 et
2382 4031 2447 4070 ex
2472 4019 2728 4086 sanguine
2754 4019 3050 4086 constituti,
3068 4018 3146 4090 (α)
3163 4018 3318 4092 [etes
3340 4020 3555 4075 ossibus

1951 4106 2238 4174 compacti,
2268 4115 2322 4160 et
2354 4122 2453 4162 nos
2495 4108 2594 4176 ipsi
2634 4107 2830 4163 throno
2874 4109 3167 4164 insidentes
3209 4119 3262 4165 et
3290 4111 3569 4167 ducentes»

1954 4198 2186 4266 peccatis
2225 4198 2527 4267 complicati
2567 4214 2772 4255 sumus.
2815 4200 3192 4256 Verumtamen
3220 4218 3325 4257 non
3354 4202 3549 4272 despe-

1954 4306 2132 4345 ramus
2160 4291 2227 4346 de
2255 4292 2617 4348 misericordia
2652 4294 2746 4350 Dei
2774 4337 2788 4360 ,
2841 4311 2939 4351 nec
2970 4296 3069 4366 ipsi
3110 4296 3562 4353 inbumanitatem

1951 4381 2235 4450 attigimus.
2279 4383 2479 4438 Omnes
2506 4385 2648 4439 enim
2689 4387 2936 4441 homines
2979 4377 3164 4441 sumus
3204 4388 3391 4443 iisdem
3438 4389 3551 4443 elc-

1953 4473 2146 4528 tnentis
2193 4473 2495 4547 constituti]
2547 4494 2559 4529 :
2613 4492 2789 4546 neque
2840 4487 3016 4531 tamen
3090 4494 3401 4534 recusamus
3455 4480 3552 4534 do-

1953 4566 2178 4619 ctrinam
2205 4565 2500 4636 impertire,
2530 4567 2596 4622 ad
2627 4569 2720 4621 Dei
2749 4569 3088 4638 benignitatis
3117 4571 3334 4640 pelagus
3373 4571 3548 4639 respi-

1951 4660 2174 4713 cientes.
2205 4659 2312 4715 Vos
2339 4660 2553 4729 quidem
2583 4669 2892 4728 peccatoms
2926 4661 2970 4714 si
3001 4662 3369 4730 ingrediamiui
3391 4703 3405 4724 ,
3441 4680 3546 4715 non

1954 4761 2158 4807 tantum
2187 4759 2270 4806 est
2312 4753 2516 4806 crimen
2551 4769 2563 4805 :
2599 4767 2721 4806 nam
2768 4752 2869 4805 sub
2913 4751 3194 4821 disciplina
3241 4754 3401 4813 estis;
3450 4767 3548 4808 nos

1952 4860 2082 4900 vero
2122 4854 2319 4916 quanto
2357 4845 2530 4913 magis
2555 4853 2868 4912 praestamus
2889 4843 3178 4912 dignitate,
3209 4853 3357 4898 tanto
3383 4847 3548 4913 magis

1952 4937 2124 5004 culpa:
2170 4950 2354 4990 sumus
2381 4935 2597 4989 obnoxii
2630 4935 2817 4988 :aliud
2865 4935 3008 4988 enim
3057 4945 3140 4990 est
3181 4933 3498 5003 discipulum
3531 4975 3545 4998 ,

1951 5029 2094 5084 aliud
2141 5028 2416 5082 doctorem
2465 5042 2689 5096 peccare
2719 5043 2731 5078 :
2761 5037 2996 5080 attamen
3044 5042 3151 5081 non
3197 5041 3544 5088 recusamus.

1951 5136 2020 5175 ne
2059 5120 2369 5175 humi-litatis
2393 5119 2609 5173 obtentu
2633 5120 2683 5172 in
2710 5121 2986 5187 segnitiem
3009 5119 3282 5172 cadamus.
3317 5118 3383 5172 Et
3423 5118 3551 5172 illud

1951 5213 2130 5266 divina
2154 5210 2552 5280 dispensatione
2586 5209 2780 5269 factum
2811 5221 2911 5274 est,
2945 5221 3002 5264 ut
3031 5210 3337 5265 sacerdotes
3367 5210 3463 5278 ipsi
3491 5210 3561 5264 in.

1951 5313 2165 5373 peccata
2211 5303 2472 5357 labantur.
2523 5301 2657 5356 Audi
2701 5301 2969 5371 quomodo
3012 5316 3100 5355 res
3144 5315 3201 5355 se
3244 5300 3457 5354 haheat.
3486 5300 3552 5352 Si

1951 5395 2195 5449 doctores
2221 5403 2277 5448 et
2307 5393 2612 5448 sacerdotes
2642 5409 2748 5447 non
2771 5401 3048 5462 peccarent
3070 5434 3085 5457 ,
3121 5408 3292 5461 neque
3317 5391 3438 5444 vite
3466 5392 3544 5443 at-

1951 5487 2174 5542 lectibus
2212 5485 2430 5540 obnoxii
2463 5495 2678 5549 essent,
2717 5499 2842 5554 erga
2869 5483 3001 5537 alios
3029 5483 3299 5536 inhumani
3335 5482 3544 5536 veniam

1950 5580 2293 5650 peccantibus
2322 5595 2425 5634 non
2467 5579 2655 5634 darent
2689 5597 2701 5635 :
2736 5579 2854 5634 tdeo
2894 5581 3032 5632 Dens
3061 5578 3204 5646 ipsos
3242 5577 3557 5631 sacerdotes.

2012 5696 2083 5755 (α)
2118 5703 2229 5752 Qum
2248 5696 2435 5744 uncinis
2458 5694 2746 5743 clauduntur
2761 5693 2937 5744 desunt
2962 5691 3010 5741 in
3035 5690 3147 5740 Edd.
3166 5688 3329 5739 Morel.
3353 5694 3404 5739 et
3421 5694 3545 5737 Mun-

1952 5759 2067 5818 ιρις
2095 5770 2122 5807 c
2147 5759 2317 5809 Savil'to
2341 5756 2564 5820 suppleta
2587 5766 2717 5806 sunt.
