4084 6426
560 279 661 333 7'37

555 409 716 469 atque
741 398 1010 469 principes
1036 397 1315 454 alfeetihus
1342 398 1610 468 subjectos
1636 413 1756 455 esse
1781 398 1962 462 voluit,
1993 405 2050 452 ut
2073 411 2142 452 ex

555 489 669 541 suis
697 487 796 556 ipsi
827 487 1031 543 morbis
1063 469 1131 543 ad
1155 488 1362 543 veniam
1387 488 1505 543 aliis
1526 488 1921 545 concedendam
1960 486 2146 543 ﬂecte-

555 591 760 634 rontur.
788 579 950 650 Atqui
978 581 1056 635 sic
1097 595 1311 650 semper
1338 581 1476 637 Deus
1503 595 1617 637 rem
1661 579 2007 649 temperavit,
2037 594 2146 633 non

556 672 715 726 modo
744 687 903 739 nunc,
928 673 1022 728 sed
1045 674 1208 728 etiam
1228 674 1357 729 olim
1382 715 1398 740 ,
1423 688 1519 730 eos
1553 674 1742 744 quibus
1768 672 2059 728 Ecclesiam
2091 679 2147 728 et

555 762 805 832 populum
853 765 1260 820 concrediturus
1283 773 1437 831 erat,
1468 765 1522 820 in
1551 773 1825 835 peccatum
1872 763 1975 819 labi
2024 778 2148 833 per-

551 856 714 922 n-isit,
740 865 796 911 ιιι
815 873 878 913 ex
905 858 1133 928 propriis
1153 858 1388 929 lapsibus
1407 874 1533 930 erga
1549 858 1683 912 alios
1704 856 1922 912 humani
1941 866 2144 912 essent.

552 949 610 1004 Si
641 950 782 1004 enim
813 949 913 1020 ipsi
941 966 1047 1005 non
1069 960 1400 1021 peccassent,
1432 949 1775 1022 peccantibus
1801 949 2008 1004 veniam
2038 964 2144 1003 non

547 1039 859 1105 dedissent;
909 1039 1003 1095 sed
1048 1039 1322 1096 inhumani
1367 1053 1586 1110 prorsus
1627 1053 1817 1095 omnes
1843 1039 2147 1110 exegissent

551 1131 620 1183 ab
650 1130 908 1185 Ecclesia.
938 1131 1087 1199 Quod
1131 1140 1309 1186 autem
1339 1131 1413 1187 ita
1433 1145 1520 1187 res
1544 1145 1603 1186 se
1630 1130 1843 1194 habeat,
1875 1145 2050 1201 neque
2077 1144 2142 1183 cx

547 1220 850 1290 conjectura
875 1221 1063 1292 loquar
1081 1263 1095 1288 ,
1123 1236 1222 1294 age
1253 1222 1411 1278 rebus
1439 1222 1568 1293 ipsis
1581 1222 1939 1278 consideratis
1965 1222 2143 1277 dicere

542 1318 848 1383 pergamus.
878 1313 1037 1369 Petro
1061 1314 1459 1371 committenda:
1483 1323 1636 1370 erant
1662 1315 1840 1370 claves
1865 1313 2142 1389 Ecclesiae,

543 1405 654 1460 imo
726 1407 903 1477 potius
944 1407 1411 1463 committebantur
1434 1407 1484 1462 ei
1527 1407 1705 1463 claves
1730 1405 1982 1462 omlorum
2009 1446 2024 1472 ,
2058 1405 2141 1460 ei-

543 1497 773 1568 demque
793 1487 1159 1556 concredcnda
1179 1509 1296 1555 erat
1314 1500 1598 1555 multitudo
1615 1500 1818 1570 populi.
1836 1497 1975 1566 Quid
1995 1498 2139 1552 enim

545 1591 622 1644 ait
648 1590 722 1644 illi
769 1591 1023 1646 Dominus
1042 1592 1067 1644 τ
1098 1593 1461 1663 Quodcumque
1487 1592 1722 1664 ligaveris
1751 1607 1902 1662 super
1927 1600 2136 1656 terram,

545 1681 639 1735 erit
671 1680 880 1752 ligatum
907 1692 954 1736 et
989 1684 1042 1744 in
1072 1682 1209 1746 castis
1235 1698 1256 1748 ;
1293 1693 1341 1737 et
1376 1684 1726 1753 quodcumque
1750 1681 1957 1736 solveris
1985 1697 2139 1751 super

547 1782 754 1838 terram,
776 1773 869 1831 erit
895 1774 1112 1836 solutum
1133 1785 1179 1829 et
1205 1775 1258 1832 in
1286 1775 1426 1833 cadis
1456 1773 1685 1849 (Matth.
1715 1773 1805 1838 ιε.
1835 1759 1904 1846 19'
1932 1771 1976 1843 ).
2007 1772 2136 1826 Erat

545 1876 676 1916 vero
703 1862 894 1921 Petrus
936 1862 1207 1934 aliquanto
1232 1866 1472 1936 asperior
1499 1882 1512 1917 :
1544 1865 1685 1935 quod
1713 1864 1758 1919 si
1786 1873 1841 1920 et
1868 1863 2136 1933 impecca-

541 1953 663 2008 bilis
692 1953 896 2023 fuisset,
928 1971 1085 2027 quam
1113 1959 1322 2012 veniam
1353 1957 1587 2014 habituri
1611 1957 1836 2012 fuissent
1863 1957 1920 2022 ii,
1949 1957 2038 2025 qui
2065 1955 2135 2011 ab

538 2043 632 2098 illo
675 2043 902 2101 docendi
945 2048 1145 2103 erant?
1186 2048 1476 2119 Propterea
1512 2048 1613 2103 hoc
1659 2047 1922 2118 disposuit
1957 2046 2134 2102 divina

539 2135 732 2205 gratia,
761 2146 818 2192 ut
847 2138 898 2192 in
923 2149 1196 2208 peccatum
1226 2139 1491 2210 quoddam
1519 2125 1799 2202 incideret,
1827 2153 1932 2209 quo
1956 2153 2023 2194 ex
2046 2138 2128 2202 iis,

537 2246 659 2299 qua:
683 2231 798 2301 ipse
827 2246 1012 2301 passus
1033 2231 1224 2298 fuerat,
1253 2232 1536 2288 inmanior
1556 2233 1608 2287 in
1635 2231 1768 2288 alios
1796 2231 2129 2287 redderetur.

537 2326 618 2379 Ac
645 2324 948 2396 considera,
970 2340 1128 2395 quem
1160 2326 1210 2379 in
1237 2333 1512 2396 peccatum
1543 2324 1648 2380 labi
1681 2323 1951 2394 permittat
1979 2340 1994 2375 :
2026 2322 2131 2378 Pe-

535 2423 678 2471 trum
711 2416 857 2472 illum
900 2401 1263 2485 apostolorum
1307 2417 1652 2490 coryphzeum
1677 2458 1692 2482 ,
1729 2416 2130 2472 fundamentum

534 2507 809 2562 Intmohilc
830 2547 845 2571 ,
879 2518 1080 2577 petram
1109 2525 1227 2580 qua:
1251 2509 1420 2580 frangi
1450 2510 1666 2580 nequit,
1697 2507 1953 2566 Ecclesiae
1981 2508 2130 2577 ptin-

533 2599 728 2666 eipem,
762 2611 971 2669 portum
998 2601 1481 2671 inexpugnabilem,
1515 2602 1702 2655 turrim
1732 2600 2127 2657 inconcussam.

534 2687 631 2744 llic
655 2690 746 2744 ille
776 2690 964 2749 Petrus
986 2701 1089 2760 est,
1115 2693 1206 2762 qui
1230 2691 1443 2753 Christo
1465 2691 1597 2746 dixit
1622 2708 1636 2745 :
1660 2690 1874 2746 Etiamsi
1893 2702 2131 2764 oportue-

535 2781 603 2832 rit
633 2797 710 2834 me
733 2782 863 2839 mori
898 2789 1058 2841 locum
1083 2821 1099 2847 ,
1131 2799 1232 2840 non
1263 2792 1311 2836 te
1334 2782 1525 2854 negabo
1557 2780 1783 2853 (Matth.
1822 2781 1916 2838 26.
1964 2782 2033 2838 35
2063 2783 2123 2852 );

537 2870 729 2925 Petrus
755 2873 842 2942 qui
874 2888 938 2927 ex
982 2872 1159 2928 divina
1189 2875 1512 2930 revelatione
1537 2875 1811 2929 veritatem
1847 2871 2125 2929 confessus

539 2971 617 3015 est
649 2977 662 3012 :
697 2961 773 3015 Tu
817 2979 869 3020 es
908 2961 1135 3027 Christus
1187 2963 1349 3022 Filius
1387 2962 1485 3018 Dei
1503 2958 1934 3030 viinlatt/nw.
1963 2962 2031 3019 16
2057 2961 2077 3036 )
2106 2981 2121 3018 :

535 3051 623 3107 hic
648 3062 805 3108 nocte
828 3049 932 3115 illa,
957 3070 1058 3124 qua
1084 3055 1302 3110 traditus
1326 3053 1688 3121 estChristus,
1718 3053 1987 3124 ingressus
2006 3062 2121 3109 est:

533 3153 733 3199 etcum
768 3154 937 3200 staret
979 3146 1045 3200 ad
1094 3147 1309 3215 ignem,
1359 3155 1416 3200 ut
1443 3145 1757 3201 calcfaceret
1795 3159 1855 3200 se
1879 3185 1894 3207 ,
1945 3146 2122 3216 puella

538 3237 782 3308 quaedam
828 3238 1089 3293 accedens
1113 3239 1243 3294 dixit
1271 3239 1342 3294 illi
1377 3257 1393 3293 :
1423 3237 1486 3292 Et
1534 3247 1589 3292 tu
1613 3238 1720 3293 lteri
1743 3255 1860 3291 cum
1889 3239 1982 3291 lioc
2030 3239 2122 3292 lio-

540 3329 675 3384 mine
715 3345 869 3393 eras;
894 3330 1082 3385 Petrus
1121 3339 1300 3384 autetn
1324 3370 1340 3394 ,
1371 3328 1493 3384 Non
1534 3329 1649 3383 noui
1690 3329 1942 3383 hominem
1986 3329 2121 3383 hunc

534 3418 863 3491 (Moult36.
880 3420 1091 3491 69.70).
1127 3421 1282 3476 Modo
1316 3419 1529 3474 dicebas
1549 3461 1565 3486 ,
1594 3417 1810 3473 Etiamsi
1842 3420 2120 3488 oportuerit

533 3526 613 3564 me
637 3511 764 3563 mori
791 3519 997 3574 tecum;
1021 3525 1162 3566 nunc
1187 3521 1363 3566 autem
1391 3524 1552 3581 negas
1578 3519 1634 3565 et
1658 3509 1790 3564 dicis
1807 3550 1824 3576 ,
1859 3507 1979 3563 Non
2004 3510 2120 3563 novi

530 3602 782 3656 hominem
805 3603 960 3662 hunc.
993 3602 1037 3659 Ο
1057 3603 1212 3658 Petre
1239 3604 1254 3659 !
1282 3602 1502 3658 hoccine
1523 3613 1604 3657 est
1616 3603 1756 3673 quod
1775 3603 2120 3672 promiseras?

531 3697 768 3750 nondum
814 3704 1113 3759 tormenta,
1163 3695 1398 3750 nondum
1448 3695 1668 3750 verbera
1714 3704 1968 3765 expertus
1991 3736 2006 3762 ,
2053 3695 2119 3750 ad

532 3785 780 3854 puellulae
807 3801 993 3840 vocem
1029 3785 1094 3840 ad
1125 3786 1423 3857 negandum
1454 3773 1767 3856 properasti.
1795 3786 1988 3856 Negas,
2015 3787 2120 3842 Pe-

533 3876 660 3931 tre?
689 3876 923 3932 nondum
966 3877 1235 3933 cruciatus
1257 3917 1273 3944 ,
1322 3878 1558 3932 nondum
1607 3878 1810 3949 ﬂagella
1840 3921 1856 3946 ,
1883 3879 2120 3933 nondum

532 3967 722 4037 plaga:,
751 3981 857 4021 non
883 3967 1108 4032 furores,
1140 3983 1245 4021 non
1279 3969 1575 4038 principes,
1609 3985 1714 4023 non
1744 3969 1917 4039 gladia
1944 3980 2116 4037 acuta,

531 4074 638 4114 non
658 4057 873 4112 decreta
899 4057 1112 4121 emissa,
1138 4073 1242 4112 non
1265 4073 1415 4128 reges
1437 4059 1773 4124 minitantes;
1798 4076 1901 4113 non
1924 4071 2124 4116 mortes

531 4155 927 4216 exspectantur,
960 4147 1195 4202 umidum
1225 4147 1502 4214 custodiae,
1529 4163 1634 4202 non
1662 4150 1950 4220 pnecipitia
1969 4191 1983 4214 ,
2015 4166 2121 4206 non

531 4257 678 4295 mare
700 4281 714 4304 ,
746 4241 982 4295 nondum
1009 4239 1276 4311 quidpiam
1301 4240 1599 4311 hujusmodi
1621 4283 1636 4306 ,
1663 4250 1717 4297 et
1734 4241 1846 4311 jam
1874 4242 2074 4313 negasti
2107 4261 2121 4298 :

539 4330 661 4384 Non
709 4333 822 4385 noui
871 4332 1140 4388 hominem.
1194 4331 1399 4386 Rursus
1440 4333 1610 4401 puella
1653 4332 1720 4385 ad
1753 4333 1898 4387 illum
1931 4351 1944 4387 :
1975 4333 2041 4387 Et
2069 4344 2126 4388 tu

533 4422 641 4475 lteri
663 4438 776 4474 cum
806 4427 900 4476 lioc
942 4424 1141 4478 nomine
1171 4439 1305 4478 eras.
1335 4421 1434 4478 Hic
1478 4439 1602 4478 vero
1642 4422 1708 4477 ad
1757 4424 1967 4492 ipsam:
2003 4425 2125 4480 Non

531 4516 644 4571 noui
670 4515 923 4569 hominem
947 4555 964 4580 ,
1008 4533 1154 4586 quem
1191 4517 1337 4570 dicis.
1370 4516 1501 4583 Quis
1541 4526 1624 4570 est
1653 4524 1826 4570 tecttm
1858 4517 2081 4588 loquens
2104 4561 2120 4587 ,

513 4591 778 4676 quoniam
816 4608 895 4661 sic
931 4608 1127 4677 negas?
1151 4607 1320 4662 Nemo
1351 4623 1418 4663 ex
1441 4609 1774 4673 necessariis,
1792 4610 1884 4663 sed
1911 4611 2120 4676 mulier,

536 4711 591 4753 et
614 4700 722 4771 ipsa
750 4699 989 4761 ostiaria,
1019 4698 1256 4765 alijecta,
1289 4699 1530 4768 captiva,
1563 4699 1755 4753 nullius
1782 4701 1933 4769 pretii
1966 4718 1979 4753 :
2011 4701 2121 4771 ipsa

527 4790 676 4854 dicit,
707 4798 760 4843 et
789 4804 842 4844 tu
856 4803 1018 4857 negas
1064 4789 1080 4818 ⁸
1097 4789 1121 4842 i
1139 4787 1184 4845 0
1199 4803 1285 4844 res
1309 4789 1502 4843 novas!
1528 4788 1699 4858 puella
1720 4788 1933 4844 Petrum
1950 4790 2120 4857 illum,

533 4881 783 4938 meretrix
811 4883 878 4936 ad
900 4882 1112 4937 Petrum
1130 4881 1408 4947 accedens,
1437 4881 1598 4936 iidem
1627 4881 1741 4950 ejus
1759 4884 2117 4939 conturbavit.

530 4974 722 5031 Petrus
739 5014 755 5037 ,
788 4973 873 5028 illa
895 4972 1142 5028 columna
1167 5015 1183 5037 ,
1209 4972 1340 5027 illud
1370 4971 1841 5043 propugnaculum,
1869 4988 1976 5028 non
2004 4976 2125 5031 tulit

534 5066 727 5132 minas,
755 5063 849 5120 sed
869 5063 1043 5120 solum
1075 5064 1290 5135 loquuta
1317 5065 1405 5120 illa
1432 5075 1535 5130 est,
1564 5076 1618 5121 et
1644 5080 1900 5122 concussa
1931 5081 2012 5124 est
2039 5087 2124 5128 co-

531 5156 710 5210 lunma
737 5196 754 5219 ,
801 5162 852 5211 et
884 5155 1054 5224 ipsum
1106 5155 1562 5226 propugnaculum
1606 5155 1912 5214 ﬂuctuabat.
1951 5160 2121 5230 Quem

531 5244 732 5310 vidisti,
762 5245 938 5310 Pett'e,
970 5254 1028 5299 ut
1053 5246 1312 5315 negares?
1341 5245 1496 5301 vilem
1519 5247 1770 5317 puellam,
1801 5259 1853 5304 et
1878 5249 2122 5320 despica-

531 5335 690 5390 bilem
711 5338 980 5392 ostiariam
997 5358 1011 5392 :
1031 5337 1145 5392 inec
1167 5338 1342 5393 vidisti
1363 5347 1416 5394 et
1432 5339 1916 5412 negastifiiursunt
1940 5345 2118 5399 tertio:

536 5424 598 5481 Et
626 5437 677 5480 tu
712 5427 820 5480 lteri
843 5444 956 5481 cum
985 5427 1078 5482 ltoc
1120 5429 1322 5484 nomine
1343 5445 1458 5484 eras
1479 5446 1499 5497 ,'
1529 5438 1585 5486 et
1623 5439 1799 5488 tamen
1839 5435 1996 5490 tertio
2021 5450 2118 5492 ne-

597 5584 736 5657 ξφα
779 5584 1370 5657 ιςιςιλερῃυᾲνωρηιεῐιεῑε
1390 5589 1598 5654 habetur
1618 5592 1982 5657 _tn'tmts_r_ecte:
2010 5595 2120 5655 Ovis

829 5644 1244 5780 gigadtritﬁeqa
1269 5649 1292 5700 ξ’
1502 5644 1707 5718 caprina;
1733 5644 1911 5712 πυρίη,
1934 5644 2120 5720 prem-3

1264 279 1322 336 S.
1362 279 1641 337 JOANNIS
1677 279 2157 338 CHRYSOSTOMI
2196 280 2516 339 ARCHIEP.
2555 283 3087 344 CONSTANTINOP.

2257 397 2418 466 gavit.
2464 398 2545 456 Ac
2590 399 2805 456 domum
2832 401 3004 473 ipsum
3055 400 3276 456 intuitus
3299 400 3454 456 Jesus
3483 441 3498 467 ,
3543 417 3668 472 quae
3717 401 3864 460 dicta

2251 485 2463 544 fuerant
2486 488 2538 544 in
2566 492 2877 546 memoriam
2905 493 3211 547 revocavit:
3240 507 3343 563 qua
3370 508 3428 561 re
3453 492 3729 548 intellecta
3750 509 3868 549 cce-

2253 579 2328 650 pit
2354 580 2485 637 flere
2511 597 2574 637 ac
2601 583 2965 654 paenitentiam
2990 584 3059 640 de
3090 593 3306 655 peccato
3349 599 3527 656 agere.
3570 584 3862 639 Verumta-

2251 688 2375 726 men
2436 673 2845 743 benignissimus
2901 675 3166 730 concessit
3217 676 3292 730 illi
3343 689 3570 746 peccare
3601 693 3616 730 :
3646 675 3858 732 sciebat

2250 764 2394 819 enim
2419 763 2570 818 illum
2612 775 2672 819 ut
2699 765 2970 821 hominem
3012 767 3301 821 humanum
3330 766 3602 837 quidpiam
3633 781 3857 837 passum

2250 869 2370 909 esse
2400 871 2414 906 :
2446 853 2543 910 sed
2585 855 3033 925 quemadmodum
3069 855 3178 926 jam
3205 857 3314 910 dixi
3339 896 3356 923 ,
3386 856 3490 912 hoc
3514 865 3686 926 pacto.
3721 855 3858 911 illud

2249 941 2320 998 ita
2360 944 2657 999 institutum
2687 960 2751 1000 ac
2780 945 2937 1002 Petro
2964 946 3282 1015 permissum
3309 955 3392 1002 est
3419 961 3646 1016 peccare
3667 988 3684 1012 ,
3715 962 3854 1016 quo-

2249 1037 2390 1091 niam
2428 1036 2478 1092 ei
2515 1037 2916 1094 eoncredendus
2963 1050 3079 1093 erat
3121 1039 3346 1108 populus
3375 1040 3575 1094 multus
3599 1077 3618 1105 ,
3647 1048 3714 1094 ut
3742 1055 3814 1094 ne
3834 1079 3850 1107 ,

2246 1140 2465 1183 severus
2488 1143 2610 1184 cum
2636 1137 2798 1196 esset,
2831 1131 2878 1185 si
2899 1145 3091 1200 expers
3120 1129 3322 1200 peccati
3350 1129 3561 1196 fuisset,
3590 1147 3623 1185 a
3647 1145 3851 1187 conce-

2245 1218 2421 1275 denda
2463 1221 2713 1278 fratribus
2755 1223 2867 1278 suis
2907 1223 3062 1278 venia
3100 1222 3307 1279 alienus
3336 1223 3496 1280 foret.
3522 1223 3740 1291 Lapsus
3768 1235 3851 1280 est

2246 1309 2299 1364 in
2326 1320 2621 1379 peccatum,
2649 1320 2706 1367 ut
2731 1319 2784 1367 et
2808 1321 3083 1384 peccatum
3112 1313 3240 1368 illud
3268 1323 3323 1369 et
3346 1313 3523 1369 datam
3549 1315 3654 1370 sibi
3684 1329 3716 1368 a
3748 1315 3852 1369 Do-

2245 1400 2392 1455 mino
2438 1402 2649 1458 veniam
2688 1403 2965 1472 cogitans,
3013 1403 3134 1458 aliis
3169 1404 3330 1459 etiam
3369 1405 3582 1459 veniam
3615 1406 3848 1478 benigne

2243 1492 2600 1561 concederet,
2643 1494 2938 1550 secundum
2966 1494 3419 1566 dispensationem
3461 1496 3846 1570 Deocongru-

2243 1596 2442 1642 entem.
2473 1586 2591 1657 Ipse
2615 1589 2757 1643 enim
2785 1588 2837 1643 in
2868 1597 3142 1660 peceatum
3169 1588 3274 1644 labi
3297 1591 3592 1660 permissus
3619 1599 3728 1657 est,
3758 1593 3846 1647 cui

2242 1676 2482 1734 Ecclesia
2523 1679 2902 1736 committenda
2945 1689 3097 1748 erat,
3141 1679 3389 1736 columna
3435 1679 3802 1738 Ecclesiarum
3824 1723 3846 1752 ,

2239 1776 2426 1838 portus
2472 1767 2634 1836 fidei,
2663 1770 2852 1825 Petrus
2877 1769 3065 1827 doctor
3090 1771 3237 1826 orbis
3284 1786 3506 1841 peccare
3545 1773 3845 1842 permissus

2239 1869 2351 1926 εει,
2381 1868 2440 1915 ιιι
2477 1859 2594 1915 haec
2623 1861 2903 1930 permissio
2941 1861 3287 1917 humanitatis
3306 1873 3683 1933 argumentum
3725 1864 3846 1921 aliis

2239 1961 2646 2022 proponeretur.
2682 1951 2808 2008 Haec
2846 1963 3026 2009 autem
3053 1969 3148 2009 cur
3172 1967 3204 2008 a
3224 1968 3311 2010 me
3346 1953 3483 2009 dicta
3511 1954 3676 2010 sunt?
3705 1954 3846 2024 Quia

2238 2059 2336 2099 nos
2365 2043 2672 2100 sacerdotes
2712 2044 2765 2098 in
2793 2043 2988 2100 throno
3030 2044 3282 2101 sedentes
3319 2059 3382 2100 ac
3409 2043 3668 2102 docentes
3709 2061 3844 2116 pec-

2235 2136 2370 2193 catis
2395 2137 2629 2208 colligati
2653 2153 2859 2194 suntns.
2903 2137 3107 2194 Idcirco
3147 2139 3291 2195 enim
3324 2152 3499 2209 neque
3524 2138 3720 2208 angelo
3745 2153 3845 2193 ne-

2235 2247 2341 2302 que
2367 2232 2690 2302 archangelo
2717 2231 3082 2287 concreditum
3102 2239 3187 2287 est
3213 2230 3569 2287 sacerdotium
3600 2231 3843 2302 (impen-

2233 2323 2436 2379 cabiles
2459 2324 2656 2394 quippe
2680 2321 2844 2393 sunt)
2867 2364 2883 2390 ,
2917 2339 2984 2379 ne
3014 2339 3125 2394 pra:
3154 2323 3440 2379 severitate
3467 2331 3755 2394 peccantes
3784 2323 3843 2378 in

2234 2416 2430 2486 populo
2475 2415 2756 2472 confestim
2801 2416 3022 2472 fulmine
3071 2415 3458 2472 ferirent:sed
3507 2415 3716 2471 homini
3770 2432 3840 2473 ex

2235 2508 2454 2568 homine
2496 2517 2624 2568 nato.
2648 2509 2968 2564 commissus
2997 2508 3081 2563 hic
3111 2507 3335 2563 thronus
3358 2515 3474 2576 εει,
3515 2508 3605 2579 qui
3635 2518 3692 2564 et
3722 2509 3842 2580 ipse

2230 2596 2452 2654 libidine
2473 2598 2816 2671 pcceatisqns
2836 2599 3113 2670 colligatus
3135 2615 3239 2664 εει,
3269 2610 3327 2655 ιιι
3353 2600 3397 2654 si
3423 2616 3581 2671 quem
3605 2615 3841 2669 peccau-

2231 2701 2336 2744 tem
2358 2690 2642 2757 invenerit,
2667 2706 2731 2746 ex
2758 2692 2987 2762 propriis
3008 2695 3235 2761 peccatis
3258 2691 3537 2762 benignior
3559 2691 3636 2746 illi
3665 2701 3835 2747 esset.

2224 2778 2360 2834 Nam
2392 2782 2437 2834 si
2471 2781 2693 2849 angelus
2729 2790 2870 2836 esset
2907 2781 3192 2847 sacerdos,
3224 2791 3279 2837 et
3305 2782 3612 2852 quempiam
3659 2781 3863 2836 fornir

2227 2881 2407 2926 catum
2438 2871 2896 2942 deprehenderet,
2925 2887 3043 2926 cum
3074 2871 3187 2942 ipse
3214 2871 3334 2927 huic
3361 2874 3550 2927 morbo
3585 2872 3837 2926 addictus

2227 2977 2332 3017 non
2372 2972 2548 3028 esset,
2598 2963 2778 3024 statim
2810 2963 2957 3018 illum
2995 2962 3337 3029 interficeret,
3378 2963 3744 3040 Quamobrem
3789 2965 3836 3020 si

2225 3054 2446 3125 angelus
2474 3063 2790 3125 potestatem
2813 3053 3202 3111 sacerdotalem
3231 3055 3526 3128 accepisset
3546 3095 3561 3119 ,
3589 3071 3701 3115 non
3729 3057 3833 3110 do-

2225 3147 2430 3202 cuisset
2453 3187 2468 3211 ,
2495 3146 2588 3202 sed
2615 3147 2900 3202 occidisset
2920 3189 2936 3214 ,
2964 3148 3039 3202 ira
3061 3156 3389 3214 commotus,
3425 3147 3548 3217 quia
3576 3147 3694 3216 ipse
3722 3162 3834 3217 non

2225 3237 2529 3308 hujusmodi
2575 3248 2738 3294 esset.
2772 3237 3062 3308 Propterea
3107 3238 3158 3293 id
3199 3237 3401 3292 homini
3446 3238 3828 3302 concreditum

2223 3338 2328 3396 est,
2355 3330 2447 3400 qui
2476 3340 2813 3400 peccatorum
2841 3331 2942 3385 sibi
2971 3329 3236 3397 conscius,
3265 3337 3321 3384 et
3349 3329 3400 3383 in
3429 3329 3512 3384 his
3539 3338 3832 3403 expertus,

2221 3418 2527 3490 ignosceret
2553 3421 2912 3490 peccantibus,
2943 3435 3044 3476 nec
3066 3428 3371 3484 moveretur
3399 3419 3500 3486 ira,
3525 3434 3596 3481 ne
3621 3434 3833 3494 persy.

2222 3526 2480 3582 nagogam
2509 3510 2746 3566 Ecclesia
2769 3511 3040 3573 vacaret‘,

2295 3601 2352 3656 2.
2393 3601 2601 3656 Heliam
2645 3601 2699 3656 in
2737 3609 2995 3673 peccatum
3037 3600 3258 3660 incidere
3301 3601 3529 3671 permisit
3558 3601 3736 3671 Deus,
3769 3614 3838 3671 at,

2224 3695 2536 3764 mamuetior
2561 3712 2682 3768 erga
2709 3695 2838 3749 alios
2863 3705 3012 3748 esset.
3032 3724 3105 3734 —
3121 3693 3230 3750 Sed
3256 3709 3354 3750 cur
3381 3695 3432 3748 in
3455 3694 3615 3751 Petro
3634 3711 3835 3753 moror

2225 3787 2328 3842 hoc
2359 3788 2592 3841 tra‘ctans
2615 3794 3007 3856 argumentum,
3034 3802 3131 3840 nec
3151 3786 3218 3840 ad
3247 3785 3411 3844 aliam
3436 3787 3671 3842 ascendo
3697 3804 3832 3859 per-

2225 3877 2454 3933 sonam?
2501 3877 2613 3948 Age
2641 3877 2804 3932 alium
2849 3875 3184 3946 proferamus
3223 3877 3277 3930 in
3325 3877 3577 3938 medium,
3612 3879 3830 3936 lleliant

2226 3984 2421 4038 nempe
2466 3968 2800 4039 prophetam,
2831 3979 3104 4030 terrenum
3136 3968 3283 4022 illum
3325 3969 3594 4039 angelum,
3635 3970 3828 4026 homi-

2230 4075 2460 4129 nemque
2487 4059 2790 4114 ctelestem:
2813 4060 2961 4113 humi
2982 4059 3341 4122 ambulantem
3369 4070 3424 4117 et
3442 4061 3674 4116 caelestia
3703 4079 3831 4118 mm

2229 4150 2528 4216 derantem,
2561 4149 2918 4205 tricuhitalem
2947 4149 3217 4205 hominem
3241 4151 3544 4210 sublimiter
3566 4153 3830 4222 gradion-
3877 4197 3890 4208 ρ

2227 4250 2357 4310 ιειιι,
2383 4240 2449 4295 ad
2475 4242 2619 4312 ipsos
2645 4239 2766 4296 mali
2796 4239 3029 4296 fornices
3053 4241 3270 4306 elatum,
3289 4257 3543 4313 aquarum
3569 4258 3829 4313 promum

2228 4331 2481 4398 condunt,
2524 4333 2679 4401 cujus
2722 4332 2900 4402 lingua
2945 4333 3228 4388 thesaurus
3277 4349 3533 4403 aquarum
3581 4345 3720 4402 erat,
3764 4349 3824 4393 et

2228 4423 2392 4478 clavis
2420 4422 2674 4478 caelorum
2705 4439 2721 4476 :
2750 4422 2863 4490 ipse
2899 4437 3102 4492 pauper
3129 4431 3184 4479 et
3206 4423 3377 4490 dives,
3420 4424 3579 4482 idiota
3608 4437 3660 4481 et
3691 4427 3818 4496 phi-

2231 4513 2531 4584 Iosephus:
2574 4527 2780 4583 pauper
2827 4512 3073 4583 quidem,
3117 4513 3271 4584 qtiia-
3291 4514 3424 4570 nihil
3471 4516 3825 4587 possidebat;

2228 4612 2377 4669 dives
2402 4619 2601 4676 autem,
2629 4606 2752 4679 quia
2781 4609 2950 4663 nubes
2988 4608 3236 4663 imbrium
3264 4608 3316 4663 in
3364 4609 3541 4680 lingua
3569 4612 3826 4668 contine-

2228 4705 2337 4761 bat.
2382 4704 2498 4776 Ipse
2534 4717 2747 4774 quoque
2785 4703 2864 4757 sic
2901 4717 3060 4772 asper
3097 4718 3220 4773 erga
3247 4713 3556 4774 peccatores
3595 4714 3731 4769 erat,
3765 4717 3828 4762 ut

2228 4797 2515 4866 aliquando
2536 4804 2847 4864 precaretur
2876 4809 2944 4849 ne
2975 4793 3150 4863 pluvia
3179 4793 3416 4851 caderet.
3453 4795 3519 4871 Et
3541 4797 3667 4866 quid
3707 4799 3829 4850 ait?

2240 4886 2369 4943 Vivit
2396 4886 2663 4949 Dominus,
2683 4885 2728 4939 si
2755 4885 2848 4938 erit
2877 4885 3065 4954 pluuia,
3090 4885 3188 4939 nisi
3215 4902 3305 4954 per
3320 4901 3376 4940 os
3397 4903 3560 4941 meum
3586 4887 3664 4955 (3.
3685 4887 3823 4959 Reg.

2231 4977 2320 5033 l7.
2349 4979 2424 5048 l).
2463 4975 2601 5044 Quid
2634 4975 2788 5042 facis,
2836 4973 3029 5029 llelia?
3057 4974 3182 5043 quid
3230 4976 3579 5044 pronuntias?
3626 4979 3826 5032 saltem

2230 5068 2512 5126 Dominum
2542 5080 2783 5136 precare,
2808 5074 2862 5120 et
2884 5066 2962 5120 sic
2992 5065 3154 5134 imple
3178 5081 3482 5121 sermonem
3506 5083 3522 5120 :
3561 5064 3692 5120 Vivit
3720 5066 3825 5121 Do-

2231 5147 2417 5224 minus,
2446 5159 2490 5214 si
2514 5159 2610 5214 erit
2653 5158 2844 5227 pluvia,
2871 5157 2970 5212 nisi
2995 5173 3083 5227 per
3111 5174 3167 5212 os
3192 5173 3373 5211 meum.
3418 5155 3645 5213 Ubinam
3695 5170 3826 5218 sunt

2230 5253 2484 5317 hwretici,
2535 5251 2626 5322 qui
2675 5250 2880 5316 dicunt,
2931 5249 3124 5305 Filium
3187 5249 3280 5305 Dei
3334 5251 3578 5320 precari?
3628 5251 3818 5311 Infelix

2229 5346 2412 5411 homo,
2441 5344 2604 5399 miser
2628 5353 2683 5399 et
2710 5342 3022 5413 impudens:
3072 5341 3250 5398 Helias
3275 5343 3599 5412 pronuntiat,
3633 5355 3689 5397 et
3725 5344 3818 5398 Fi-

2229 5429 2332 5493 lius
2380 5434 2665 5507 precatur?
2703 5450 2894 5493 servus
2939 5435 3112 5506 jubet,
3141 5443 3198 5490 et
3225 5435 3480 5490 Dominus
3509 5435 3700 5505 rogati
3751 5452 3820 5490 ne

2227 5543 2412 5601 parem
2441 5527 2656 5599 quidem
2685 5529 2761 5585 illi
2785 5537 2946 5598 atque
2972 5526 3136 5583 Helia:
3167 5525 3424 5581 honorem
3466 5525 3692 5581 tribuis!
3720 5543 3820 5584 au-

2237 5719 2247 5730 .
2291 5663 2310 5691 ι
2345 5656 2576 5773 Triarii”
2602 5669 2648 5708 et
2665 5671 2759 5711 non
2782 5664 3044 5712 moreretur
3081 5657 3174 5722 ira,
3198 5666 3246 5710 et
3267 5670 3357 5708 non
3373 5657 3704 5718 exinmiremr
3729 5669 3818 5721 per

2237 5733 2355 5773 nam
2392 5733 2464 5771 ιε(

2228 5733 2355 5775 nam
2373 5733 2602 5773 Εείιεῦω.
