4084 6428
259 399 369 454 72η

261 524 373 566 non
407 509 488 562 vis
511 507 769 578 :cqualent
789 505 1014 562 Domino
1035 512 1088 560 et
1113 519 1269 561 servo
1293 504 1606 575 dignitatem
1631 501 1849 572 largiri?

263 598 382 654 Non
413 609 658 668 precatur
683 598 788 664 ,ille
832 610 1004 666 neque
1032 605 1200 666 rogat,
1232 595 1327 649 sed
1370 595 1588 648 verbum
1621 591 1858 648 veritatis

264 689 490 760 profert,
509 701 560 744 et
581 689 770 744 c:elum
791 689 1007 743 claudit.
1029 687 1132 744 Ora
1153 687 1402 757 primum,
1422 686 1594 741 Helia.
1609 686 1712 740 Sed
1729 684 1858 755 quid

265 781 558 849 respondet
592 779 806 835 Helias?
846 779 978 835 Novi
1011 780 1290 834 Dominum
1319 793 1496 832 meum
1526 793 1612 832 me
1636 776 1858 831 exaudi-

269 865 445 924 tnru'm
472 884 595 925 esse
618 885 632 922 :
658 869 778 925 zelo
816 878 994 925 motus
1022 869 1123 924 hoc
1148 868 1306 924 facio.
1346 868 1392 924 Ο
1435 883 1547 923 rem
1590 881 1780 921 novam
1805 875 1861 921 et

266 960 631 1029 stupet-dam?
659 961 834 1016 vidisti
876 960 1159 1016 Dominum
1189 961 1330 1015 servi
1363 959 1730 1015 benevolentia
1769 974 1862 1013 su-

268 1051 558 1118 peratum?
582 1052 792 1107 Etenim
824 1051 1001 1106 lletias
1028 1066 1222 1121 magno
1245 1051 1363 1106 zelo
1388 1063 1564 1107 motus
1593 1050 1692 1105 hnc
1712 1051 1856 1106 fecit.

267 1137 499 1195 Videbat
524 1139 668 1195 enim
709 1139 873 1194 multa
910 1140 1141 1194 absurda
1182 1139 1338 1195 fieri:
1371 1141 1584 1195 videbat
1627 1140 1860 1193 fornica-

268 1233 469 1286 tionem
494 1247 616 1286 cum
643 1231 806 1286 multa
837 1232 1038 1287 malitia
1064 1232 1425 1302 coniunctam.
1449 1232 1562 1286 Nox
1581 1241 1717 1295 erat,
1739 1245 1862 1300 quae

270 1328 442 1376 totum
463 1322 646 1376 orbem
676 1323 972 1393 occupabat
1002 1340 1016 1376 :
1049 1322 1219 1377 nubes
1237 1322 1554 1377 densissima
1585 1321 1862 1390 operiebat

266 1413 472 1466 omnia.
501 1410 703 1469 Omnes
731 1414 874 1467 enim
912 1413 982 1468 ad
1019 1414 1218 1468 malum
1257 1416 1614 1485 proruehant:
1649 1415 1862 1469 univer-

265 1502 381 1557 sale
425 1502 755 1573 naufragium
794 1513 931 1571 erat,
977 1519 1100 1558 non-
1131 1519 1413 1574 aquarum,
1444 1505 1538 1559 sed
1589 1505 1857 1558 libidinis:

265 1594 616 1664 temperantia
666 1592 959 1661 eliminata,
1005 1595 1412 1663 intemperantia
1463 1594 1859 1664 triumphabat:

265 1688 438 1741 virtus
489 1686 813 1756 pellebatur,
843 1687 1029 1742 vitium
1076 1687 1291 1756 vigebat
1334 1705 1348 1742 :
1392 1687 1579 1752 colles,
1626 1696 1856 1752 montes,

265 1777 456 1842 saltus,
489 1778 608 1841 vize,
633 1779 1014 1846 promptuaria,
1044 1793 1139 1832 aer
1171 1777 1545 1846 polluebantur
1568 1795 1580 1830 :
1605 1777 1685 1831 sol
1719 1775 1858 1829 offu-

265 1867 540 1931 scabatur,
604 1875 748 1922 terra
800 1867 1118 1930 ftedahatur,
1181 1869 1373 1922 caelum
1438 1867 1854 1936 despiciebatur,

265 1968 513 2016 creatura
539 1955 715 2012 omnis
760 1973 826 2014 ex
872 1957 1169 2012 idololatria
1216 1957 1622 2012 intirmabatur:
1660 1971 1757 2011 ceu
1806 1956 1859 2010 in

267 2056 428 2102 nocte
475 2063 664 2103 omnes
708 2048 1083 2115 ambulabant,
1129 2064 1236 2104 non
1289 2047 1628 2103 attendentes
1679 2063 1860 2102 rerum

268 2149 520 2194 naturam
547 2157 561 2193 ε
586 2139 816 2209 lapidem
859 2141 1129 2207 videbant,
1161 2150 1218 2195 et
1253 2149 1313 2195 ut
1343 2141 1510 2195 Deum
1537 2141 1856 2204 adorabunt:

269 2229 473 2299 lignum
515 2230 896 2299 respiciebant,
927 2242 981 2284 et
1009 2232 1110 2286 hoc
1135 2231 1382 2285 similiter
1411 2232 1576 2286 Deum
1608 2246 1728 2286 esse
1760 2247 1860 2299 pu-

269 2319 472 2372 tabant.
500 2318 617 2374 Nox
641 2320 782 2375 'illos
819 2320 1138 2375 densissima
1178 2319 1474 2390 occupabat
1505 2341 1519 2374 :
1545 2320 1858 2400 Creatorem

267 2407 540 2472 videbant,
578 2406 635 2463 e‘t
670 2419 943 2464 creaturas
977 2410 1290 2466 adurabant.
1323 2411 1502 2466 Helias
1538 2412 1686 2467 solus
1721 2421 1858 2478 erat,

265 2497 360 2565 qui
397 2497 668 2553 lucernam
695 2500 906 2554 virtutis
941 2501 1190 2566 habebat,
1221 2502 1291 2561 in.
1309 2502 1646 2572 philosophia
1680 2517 1778 2558 ceu
1809 2503 1859 2557 in

268 2591 467 2642 montis
491 2591 692 2644 vertice
723 2592 937 2657 sedens,
959 2608 1023 2647 ac
1060 2608 1119 2648 se
1155 2609 1436 2659 exercens,
1466 2595 1612 2648 solus
1639 2594 1858 2648 lucerna

268 2678 481 2743 pictatis
512 2680 846 2736 instructus:
883 2683 1151 2736 neminem
1196 2693 1373 2737 tamen
1417 2682 1533 2736 ba-c
1575 2684 1665 2736 lux
1708 2683 1863 2751 juva-

265 2765 379 2832 bat,
410 2769 550 2838 quod
584 2769 646 2822 .in
677 2784 871 2839 separe
898 2772 972 2825 illi
1003 2771 1280 2841 degerent,
1313 2782 1366 2827 et
1393 2772 1688 2827 idololatria
1717 2773 1859 2828 deti-

264 2869 541 2913 ncrentur.
572 2860 1004 2917 Excandescebat
1029 2864 1204 2933 itaque
1235 2864 1435 2928 llelias,
1467 2864 1856 2931 dissecabatur,

266 2948 676 3014 lamentabantur,
704 2952 865 3006 verba
894 2953 1166 3017 fundebat,
1188 2953 1401 3008 nemine
1431 2953 1708 3019 audiente;
1736 2954 1859 3009 hor-

267 3040 745 3095 tobatur~nemine
791 3042 1024 3095 animum
1085 3043 1370 3098 adliihcnte
1412 3061 1426 3096 :
1473 3043 1688 3099 demum
1742 3043 1859 3098 zelo

265 3139 592 3193 commotus,
609 3130 728 3184 illos
752 3133 1012 3201 castigare
1039 3143 1092 3187 et
1114 3134 1328 3188 erudire
1358 3136 1542 3199 voluit,
1567 3143 1624 3188 ut
1643 3135 1858 3190 tandem

265 3214 415 3271 fame
439 3219 792 3286 tabescentes,
825 3223 1069 3288 precibus
1106 3223 1172 3275 ad
1203 3222 1507 3278 Creatorem
1549 3225 1778 3292 adirent,
1803 3234 1860 3280 ut

268 3306 437 3361 fames
462 3323 835 3378 argumentum
873 3313 1087 3382 pictatis
1127 3314 1230 3368 illis
1254 3325 1417 3369 esset.
1463 3315 1625 3381 Nihil,
1665 3317 1856 3386 inquit,

265 3395 388 3450 illos
412 3399 700 3453 emendare
745 3411 940 3469 potest,
969 3403 1070 3456 nisi
1110 3402 1315 3458 fames:
1348 3406 1426 3460 sic
1449 3407 1616 3472 enim,
1664 3407 1857 3477 inquit,

266 3489 502 3558 undique
543 3494 803 3560 angustiis
843 3495 1121 3558 enarctati,
1160 3495 1227 3549 ad
1272 3497 1510 3550 omnium
1545 3497 1857 3552 Creatorem

265 3578 592 3649 confugient.
619 3580 754 3648 Quid
781 3583 937 3651 igitur
958 3584 1175 3638 Helias?
1207 3584 1350 3650 Vivit,
1378 3587 1564 3656 inquit,
1589 3586 1857 3652 Dominus,

265 3667 310 3720 si
339 3671 432 3721 erit
462 3670 652 3737 pluvia,
672 3671 767 3724 nisi
799 3688 888 3740 per
912 3688 968 3725 os
993 3689 1175 3726 meum.
1199 3675 1337 3728 Exiit
1364 3675 1636 3744 prophetae
1655 3690 1857 3744 sermo,

266 3765 323 3808 et
347 3759 523 3810 statim
555 3775 647 3812 aer
677 3770 912 3815 mutatus
948 3771 1051 3828 est,
1081 3764 1270 3818 etclam
1293 3780 1499 3819 mnenm
1531 3765 1725 3820 factum
1751 3776 1856 3832 est,

267 3861 376 3900 non
406 3855 606 3901 mutata
631 3857 836 3913 natura,
866 3851 960 3906 sed
991 3851 1256 3908 refrenata
1287 3854 1401 3923 ejus
1424 3855 1650 3910 virtute:
1677 3857 1856 3910 statim

267 3938 534 3992 elementa
565 3942 939 3996 transformata
965 3954 1116 3998 sunt:
1148 3946 1339 4001 cecidit
1364 3948 1635 4017 prophetae
1653 3965 1854 4017 sermo,

265 4030 416 4112 quasi
441 4029 601 4084 febris
622 4033 953 4101 qumdam,in
982 4035 1182 4090 viscera
1206 4047 1382 4101 terrae,
1399 4047 1452 4092 et
1471 4041 1649 4094 omnia
1675 4043 1855 4097 s'atim

266 4120 670 4185 exarescebant,
722 4113 900 4177 omnia
944 4124 1339 4190 desolabantnr,
1393 4131 1568 4183 omnia
1588 4131 1857 4198 deleban-

265 4215 390 4262 tur:
431 4209 682 4264 videbant
712 4211 906 4267 herbas
943 4215 1223 4270 confestim
1254 4219 1603 4285 exarefaetas,
1647 4238 1855 4278 necnon

267 4300 496 4367 plantas,
527 4301 856 4372 arboresque
885 4313 990 4358 tam
1017 4305 1338 4374 fructiferas,
1365 4324 1522 4378 quam
1560 4311 1855 4366 infructuo-

265 4403 376 4453 sas,
411 4407 529 4458 qua:
557 4391 610 4445 in
641 4394 866 4461 campis,
899 4409 1018 4462 qua:
1042 4411 1228 4451 versus
1268 4415 1448 4464 mare;
1493 4403 1674 4455 omnia
1711 4403 1856 4458 illico

265 4479 430 4545 sicca,
458 4497 672 4535 omnem
704 4493 917 4537 atatem
963 4487 1140 4540 anima
1187 4489 1462 4556 prmditam
1491 4491 1852 4558 deficientem,

266 4585 553 4639 puerorum
579 4575 858 4641 gemitum,
907 4588 1137 4630 matrum
1181 4578 1387 4646 ﬂetum,
1425 4581 1854 4651 desperationem

266 4661 508 4716 multam.
533 4660 703 4716 llnum
727 4666 1002 4734 prephetae
1031 4669 1248 4723 verbum
1269 4672 1422 4736 exiit,
1440 4683 1492 4726 et
1515 4674 1635 4729 vide
1655 4685 1850 4744 quanta

264 4763 545 4817 operatum
577 4754 664 4806 sit.
681 4755 870 4809 Omnia
895 4757 1072 4826 itaque
1092 4759 1402 4826 interibant,
1424 4763 1568 4828 [ει-ξιξ,
1588 4763 1852 4834 jumenta,

265 4840 513 4905 infantes,
549 4843 815 4912 homines,
839 4849 1106 4915 animalia,
1135 4852 1363 4905 volatilia
1386 4855 1564 4908 omnia
1593 4871 1605 4908 :
1642 4858 1857 4912 univcr-

265 4935 378 4987 sale
403 4935 755 5006 naufragium,
785 4950 839 4993 et
874 4941 1147 4996 calamitas
1177 4953 1341 4998 totum
1369 4947 1526 5002 simul
1553 4963 1856 5019 occupave-

265 5033 348 5079 rat
373 5026 556 5082 orbem
597 5046 612 5082 :
659 5047 817 5085 uerno
860 5035 1195 5097 servabatur,
1223 5039 1318 5092 scd
1362 5054 1550 5096 omnes
1595 5057 1851 5112 aquarum

267 5115 488 5182 penuria
511 5115 876 5188 moriebantur
905 5140 918 5176 :
949 5127 1264 5178 arescehant
1288 5128 1498 5196 plantm,
1530 5131 1721 5195 fontes,
1754 5133 1854 5186 ﬂu-

264 5206 430 5270 mina,
477 5208 624 5263 lacns
657 5229 670 5264 :
701 5213 878 5266 omnia
922 5214 1152 5285 denique
1198 5220 1504 5274 interibant.
1541 5222 1853 5281 Universale

265 5299 598 5368 naufragium
631 5311 798 5357 totum
822 5306 1006 5359 orbem
1037 5310 1351 5378 occupabat,
1381 5327 1486 5365 non
1512 5329 1606 5381 per
1634 5331 1848 5384 aquam,

264 5390 357 5443 sed
389 5407 480 5458 per
511 5395 754 5448 imbrium
802 5400 1072 5464 penuriam
1112 5402 1340 5482 {cxx-lum
1371 5405 1586 5472 ligatum
1631 5418 1746 5460 erat
1789 5425 1852 5463 ac

266 5482 477 5546 penitus
505 5485 873 5550 cohibebatur,
907 5504 1227 5561 omnemque
1257 5504 1497 5547 naturam
1532 5507 1848 5552 mutaverat.

263 5569 451 5622 Otuma
497 5575 670 5643 itaque
711 5580 1090 5641 moriebantur,
1121 5592 1173 5636 ct
1204 5599 1300 5652 per
1345 5585 1598 5642 divinitus
1644 5588 1850 5650 immis-

266 5677 378 5712 sam
410 5665 539 5716 iram
581 5670 858 5734 peribant:
892 5673 1068 5727 llelias
1109 5692 1236 5731 vero
1267 5678 1394 5732 nihil
1426 5683 1638 5737 curabat
1675 5701 1685 5736 :
1736 5685 1852 5740 zelo

267 5751 408 5806 enim
454 5759 602 5824 quasi
645 5759 821 5817 ebrius
858 5777 988 5818 crat.
1020 5766 1204 5822 Omnis
1235 5770 1392 5840 igitur
1433 5774 1508 5826 vel
1566 5764 1844 5831 immatura

1355 387 1424 446 ΙΝ
1460 387 1558 445 SS.
1599 385 1877 444 PETRUM
1919 384 2007 440 ET
2039 381 2319 442 "Elim.

3451 373 3555 432 τω

1968 510 2097 552 anas
2145 497 2368 566 peribat.
2413 494 2549 564 Quid
2605 494 2754 555 facis,
2800 491 2991 548 llelia?
3035 498 3174 553 esto,
3224 490 3560 560 peccaverint

1965 589 2355 652 adolescentes,
2384 601 2481 640 cur
2523 585 2753 639 infantes
2798 581 3171 652 castigantur?
3201 589 3340 644 esto,
3373 593 3563 648 pecca-

1967 678 2141 732 verint
2188 677 2453 739 homines,
2486 692 2580 744 cur
2601 674 2838 741 iumenta
2870 671 3027 726 simul
3058 667 3398 724 moriuntur?
3443 675 3563 723 tau-

1967 776 2090 820 tane
2142 765 2475 820 immanitate
2507 765 2723 817 indutu»-
2758 762 2857 817 es?
2901 761 3030 814 nihil
3077 775 3233 814 curas
3279 759 3561 822 homines;

1965 871 2074 910 non
2103 870 2349 919 uxorem,
2381 869 2487 906 non
2521 853 2688 906 filium
2717 852 2920 915 habes;
2966 851 3258 905 morientes
3298 848 3450 903 nihili
3483 849 3556 901 fa-

1964 948 2093 1000 cis'.
2122 943 2260 1012 Quid
2292 959 2420 1013 ergo
2452 943 2590 997 Deus
2611 941 2678 996 ad
2711 940 2908 996 illum?
2948 940 3105 1004 Vade,
3137 940 3330 1008 inquit,
3360 939 3430 991 ad
3456 939 3564 1008 ﬂu-

1965 1046 2084 1092 men
2108 1036 2380 1096 Chorrath,
2409 1044 2454 1090 et
2496 1034 2790 1104 praxipiam
2827 1033 3012 1094 corvis,
3047 1040 3103 1084 ut
3144 1040 3194 1085 te
3230 1031 3451 1084 nutriant
3495 1029 3567 1082 ibt

1964 1125 2045 1196 (3.
2079 1126 2202 1196 Reg.
2230 1113 2420 1192 Πξὸ).
2463 1123 2715 1178 Libenter
2743 1121 3184 1193 interrogaverim
3222 1119 3464 1176 Judzeum
3507 1120 3562 1174 in

1969 1215 2203 1269 medium
2248 1214 2560 1279 adductum,
2592 1221 2649 1267 ut
2676 1211 2958 1268 ostendam
2999 1210 3072 1278 ei,
3117 1210 3289 1278 legem
3331 1225 3415 1274 ea,
3442 1225 3566 1278 qua:

1967 1304 2102 1373 legis
2130 1313 2304 1368 erant,
2328 1303 2608 1364 evertisse,
2642 1312 2696 1356 et
2731 1304 2898 1370 ipsam
2945 1314 3120 1370 neque
3161 1299 3262 1355 sibi
3289 1310 3558 1362 constare,

1966 1408 2140 1463 neque
2168 1402 2316 1447 recte
2350 1392 2646 1461 procedere
2669 1409 2692 1444 ι
2711 1406 2885 1460 neque
2913 1390 3056 1445 enim
3089 1392 3286 1444 veritas
3303 1397 3438 1453 erat,
3462 1386 3561 1443 sed

1966 1483 2194 1544 umbra,
2250 1482 2339 1535 illa
2392 1491 2546 1535 erant
2598 1482 2804 1546 umbra,
2853 1479 2970 1534 ha:c
3010 1479 3210 1534 veritas
3266 1488 3425 1544 sunt;
3471 1477 3563 1533 illa

1966 1573 2154 1642 flgura,
2187 1571 2302 1626 ha-c
2345 1586 2433 1626 res
2476 1581 2618 1625 Sillll.
2649 1571 2742 1626 llle
2779 1586 2938 1642 quem
2980 1570 3151 1638 colis,
3205 1570 3372 1634 Hel'a,
3400 1583 3560 1640 quem

1968 1672 2250 1716 venturum
2273 1672 2572 1730 exspectas,
2597 1662 2665 1716 de
2691 1678 2800 1731 quo
2827 1663 2994 1717 multa
3023 1662 3184 1716 verba
3215 1660 3366 1726 facis,
3400 1676 3562 1730 quem

1965 1753 2280 1822 prephetam
2310 1768 2489 1818 vocas,
2521 1752 2630 1816 ille,
2659 1756 2896 1822 inquam,
2919 1753 3192 1823 quomodo
3215 1769 3244 1806 a
3264 1767 3429 1827 corvo
3458 1770 3561 1809 nu-

1967 1845 2263 1899 triebatur?
2290 1860 2410 1898 nam
2435 1859 2631 1898 corvus
2653 1846 2946 1898 secundum
2973 1844 3143 1915 legem
3175 1846 3418 1913 impurus
3441 1853 3557 1898 est:

1965 1935 2078 2003 ipsa
2135 1935 2216 1989 lex
2270 1934 2459 1987 statuit
2505 1934 2771 2002 impurum
2819 1947 2940 1988 esse
2990 1947 3231 1986 corvum.
3281 1933 3561 2000 Quomodo

1965 2025 2125 2095 igitur
2145 2023 2402 2094 propheta
2433 2025 2500 2079 ab
2528 2023 2739 2093 impuro
2759 2021 2921 2078 corvo
2943 2024 3317 2078 nutriebatur?
3345 2024 3392 2078 si
3411 2040 3563 2077 natu-

1963 2131 2071 2184 que
2099 2116 2180 2170 lex
2211 2115 2486 2184 impurum
2517 2129 2890 2170 essecorvum
2921 2114 3075 2178 dixit,
3097 2115 3186 2184 qui
3216 2129 3246 2167 a
3274 2130 3438 2169 corvo
3463 2129 3562 2168 nu-

1966 2208 2246 2272 triebatur,
2272 2207 2513 2276 impurus
2549 2219 2682 2260 sane
2711 2206 2892 2259 fuerit.
2930 2204 3124 2260 Verum
3147 2221 3252 2258 non
3288 2205 3358 2258 ita
3389 2220 3474 2259 res
3500 2220 3563 2259 se

1966 2296 2216 2362 habebat,
2244 2298 2383 2351 absit
2402 2313 2441 2364 ;,
2465 2295 2561 2350 sed
2591 2295 2767 2349 llclias
2790 2310 2821 2348 a
2848 2309 3013 2350 corvo
3044 2295 3396 2359 nutriebatur,
3429 2295 3562 2352 nihil

1963 2401 2172 2452 eorum,
2202 2402 2322 2458 qua:
2357 2387 2613 2441 Dominus
2652 2366 2878 2448 creavit,
2921 2386 3188 2456 impurum
3225 2387 3558 2441 existimans.

1968 2478 2187 2541 Deinde.
2216 2478 2401 2550 elapso
2426 2478 2659 2548 quodam
2700 2489 2961 2546 tempore,
2993 2493 3116 2532 cum
3149 2477 3345 2532 flumen
3384 2481 3560 2533 exsic-

1861 2577 1873 2588 '
1963 2579 2140 2622 catum
2170 2579 2332 2628 esset.
2359 2569 2673 2637 prophetam
2702 2569 2928 2623 suscitat
2975 2567 3113 2622 Deus
3134 2567 3201 2622 ad
3243 2567 3421 2622 cibum
3466 2583 3561 2622 su-

1963 2658 2237 2712 mendum.
2272 2656 2432 2723 Vade,
2457 2657 2646 2726 inquit,
2673 2658 2729 2710 in
2756 2657 3048 2726 Sarapin/ta
3072 2657 3321 2724 Sidoniae,
3341 2667 3386 2710 et
3422 2654 3560 2726 prai-

1962 2749 2150 2819 cipiam
2172 2749 2368 2802 mulieri
2390 2747 2575 2813 videat,
2597 2757 2655 2801 ut
2676 2758 2725 2801 te
2749 2747 2937 2801 nutriat
2959 2746 3065 2801 illic
3089 2749 3161 2819 (ὅ.
3191 2747 3319 2819 Reg.
3351 2749 3438 2804 ΓΙ.
3468 2747 3558 2819 8):

1962 2837 2066 2894 hoc
2091 2847 2268 2893 autem
2299 2839 2698 2908 dispensatione
2723 2837 2956 2908 quadam
2982 2838 3122 2894 Deus
3151 2838 3397 2894 faciebat.
3425 2840 3558 2906 Quia

1961 2931 2105 2984 enim
2138 2929 2318 2984 Helias
2348 2946 2454 2984 non
2497 2938 2655 2984 norat
2679 2945 2765 2998 ea,
2794 2944 2916 2998 qute
2946 2941 3072 2985 tunc
3111 2933 3309 2988 fiebant
3339 2933 3560 3003 (quippe

1961 3023 2051 3092 qui
2099 3023 2150 3076 in
2183 3037 2288 3076 uno
2315 3021 2488 3076 solum
2520 3023 2640 3077 loco
2690 3022 2910 3078 sederet
2942 3041 2956 3077 :
2990 3039 3094 3079 nec
3145 3025 3361 3080 videbat
3411 3025 3555 3079 illam

1963 3113 2197 3167 ltllth‘l‘Si
2223 3114 2370 3167 orbis
2397 3113 2780 3177 calamitatem,
2819 3114 3090 3183 quomodo
3114 3116 3293 3169 omnia
3321 3118 3553 3171 arefacta

1961 3214 2163 3268 essent,
2215 3203 2456 3273 paludes,
2505 3203 2700 3269 fontes,
2756 3204 3000 3271 fiumina,
3051 3207 3264 3276 plant-r,
3313 3210 3557 3279 arbores,

1963 3294 2164 3348 fructus
2203 3294 2419 3361 maturi,
2467 3295 2775 3362 immaturi,
2804 3296 3029 3352 arbores
3068 3297 3355 3354 fructuosa:
3392 3310 3445 3355 et
3475 3302 3557 3355 iu-

1963 3385 2270 3449 fructuosa,
2300 3401 2419 3456 qua:
2450 3386 2592 3441 circa
2625 3387 2820 3451 fontes,
2843 3403 2963 3457 qua:
2988 3389 3129 3444 circa
3171 3399 3358 3461 stagna
3396 3407 3562 3462 aqua-

1961 3488 2103 3540 rum,
2127 3475 2428 3541 volucrum,
2454 3475 2820 3543 jumentorqu
2853 3488 3283 3549 ceterorumque
3317 3483 3557 3537 omnium

1961 3563 2258 3631 interitum,
2279 3566 2558 3624 infantium
2592 3577 2843 3636 mortem,
2865 3579 3093 3624 matrum
3125 3572 3379 3638 ululatus,
3402 3575 3557 3629 istam

1963 3657 2194 3710 universi
2234 3657 2380 3712 orbis
2417 3659 2837 3728 calamitatem),
2881 3664 3077 3718 excitat
3104 3666 3248 3719 illum
3297 3665 3458 3734 Deus,
3505 3680 3560 3724 ct

1963 3746 2282 3800 innueusum
2309 3758 2468 3802 terra:
2490 3751 2720 3820 spatium
2747 3767 3030 3824 peragrare
3047 3755 3198 3826 jubet
3224 3758 3369 3826 illinc
3391 3775 3561 3830 usque

1960 3838 2028 3893 ad
2066 3837 2348 3908 Sidonem,
2376 3850 2435 3895 ut
2463 3842 2532 3896 ita
2555 3857 2675 3898 cum
2707 3844 2933 3911 videret,
2960 3849 3229 3917 quomodo
3261 3866 3349 3905 res
3373 3867 3432 3906 se
3460 3852 3557 3908 ha-

1961 3931 2169 3997 berent,
2202 3945 2516 4000 precaretur
2545 3935 2826 3990 Dominum
2859 3948 2916 3992 ut
2950 3939 3104 3995 daret
3148 3942 3403 4011 pluviam.
3432 3943 3559 3999 Ideo

1962 4024 2121 4092 igitur
2145 4025 2309 4078 mittit
2337 4027 2484 4080 illum
2519 4042 2613 4094 per
2643 4037 2845 4082 tantum
2875 4031 2976 4086 vi.e
3005 4033 3254 4101 spatium,
3285 4026 3391 4088 non
3414 4037 3558 4105 quod

1961 4127 2067 4166 non
2107 4123 2290 4182 posset
2315 4131 2435 4190 eum
2468 4117 2577 4171 illic
2601 4118 2766 4184 alere,
2794 4119 2887 4173 sed
2913 4122 3051 4190 quod
3088 4123 3248 4178 vellet
3282 4125 3445 4179 llelia:
3470 4144 3555 4180 ra-

1960 4202 2256 4258 lamitatem
2295 4205 2438 4259 illam
2466 4208 2743 4274 exhibere,
2775 4218 2832 4262 ut
2869 4226 2966 4278 pro
3004 4212 3181 4282 pluvia
3223 4229 3408 4284 preces
3440 4215 3559 4269 fun-

1960 4295 2131 4348 deret.
2158 4296 2289 4350 Nam
2338 4305 2547 4366 poterat
2575 4299 2790 4368 quidem
2822 4300 2963 4355 Deus
2993 4304 3110 4356 sine
3161 4305 3310 4359 llelia
3341 4305 3442 4361 hoc
3460 4307 3557 4376 _fa-

1959 4399 2106 4449 cere,
2131 4386 2226 4441 sed
2256 4385 2456 4441 famulo
2484 4404 2582 4443 suo
2612 4391 2781 4444 uoluit
2820 4395 3198 4457 contumeliam
3245 4396 3462 4463 inferre,
3504 4409 3559 4454 et

1959 4473 2109 4528 illum
2139 4476 2286 4542 mali,
2319 4491 2378 4531 se
2411 4494 2537 4533 vero
2564 4479 2691 4534 boni
2735 4466 3007 4537 auctorem
3040 4485 3316 4552 exhibere,
3355 4488 3450 4543 scd
3477 4487 3558 4541 fa-

1958 4567 2088 4620 muli
2117 4570 2541 4623 obsecrationem
2578 4573 2945 4640 exspectabal.
2988 4574 3093 4628 Sed
3133 4591 3202 4629 ne
3243 4577 3312 4630 ita
3339 4578 3554 4646 quidem

1958 4656 2133 4711 adhuc
2180 4658 2268 4713 ille
2309 4658 2647 4725 ﬂectebatur,
2694 4663 2788 4716 sed
2837 4679 2932 4718 seu
2979 4669 3280 4736 arrogantia
3324 4670 3554 4737 quadam

1958 4763 2108 4815 usus,
2161 4751 2263 4805 iter
2310 4754 2538 4821 agebat,
2592 4757 2735 4812 nulla
2787 4766 2964 4811 motus
3014 4760 3398 4828 misericordia,
3451 4779 3556 4823 nec

1958 4841 2264 4911 quempiam
2306 4857 2542 4898 eurans:
2577 4861 2720 4908 nam,
2770 4858 2827 4902 ut
2869 4849 2999 4912 dixi,
3043 4851 3157 4905 zelo
3190 4852 3373 4908 ebrius
3418 4866 3553 4910 erat.

1957 4931 2068 4986 Cur
2095 4933 2316 4998 insanis,
2341 4934 2534 4989 Helia?
2583 4953 2750 5006 quare
2792 4949 2934 4993 tanta
2967 4941 3180 4995 indutus
3210 4959 3270 4996 es
3303 4943 3555 4998 inhuma-

1959 5023 2165 5077 nitate?
2190 5035 2442 5092 exspecta
2467 5028 2757 5096 paulisper,
2781 5039 2834 5082 et
2864 5031 3022 5099 paulo
3048 5042 3162 5101 post
3193 5033 3304 5101 ipse
3337 5046 3557 5101 peccato

1957 5113 2220 5168 obnoxius
2267 5113 2706 5184 deprehenderis.
2769 5119 2850 5174 Ob
2912 5127 3191 5201 peceatum
3256 5125 3552 5179 incolarum

1957 5204 2252 5260 siccitatem
2280 5208 2578 5274 advocasti,
2598 5210 2787 5263 caelum
2808 5211 3069 5279 clausisti,
3088 5223 3283 5268 terram
3307 5216 3550 5281 frenasti,

1958 5307 2165 5350 natura:
2206 5312 2423 5351 cursum
2469 5300 2775 5367 cohibuisti,
2826 5318 2999 5374 neque
3041 5307 3118 5360 vis
3163 5322 3353 5376 rogare
3385 5309 3554 5364 Deum

1961 5401 2056 5455 pro
2083 5386 2165 5440 his
2191 5387 2531 5443 auferendis?
2567 5392 2714 5446 brevi
2736 5401 2791 5447 et
2813 5395 2926 5463 ipse
2959 5399 3008 5448 in
3042 5410 3263 5465 peccato
3303 5414 3424 5453 esse
3465 5416 3553 5453 re-

1959 5479 2257 5549 dargueris,
2291 5484 2607 5552 veniamque
2650 5486 2961 5555 impetrabis
3007 5503 3037 5541 a
3085 5489 3310 5545 Domino
3355 5501 3466 5558 tuo,
3498 5501 3554 5549 ut

1960 5587 2081 5639 erga
2106 5587 2396 5626 conservos
2429 5584 2547 5627 tuus
2577 5574 2860 5631 lmuzauior
2885 5578 3102 5632 evadas.

2026 5665 2040 5694 ι
2077 5665 2150 5712 sic
2174 5663 2331 5713 habet
2349 5665 2512 5724 sai-il,
2550 5680 2644 5716 non
2668 5681 2869 5719 uxorem
2893 5668 3038 5721 habes
3059 5670 3083 5721 ?
3105 5673 3358 5723 morimtes
3380 5687 3554 5725 pueros

1961 5725 2104 5775 nihili
2141 5725 2306 5792 fucis}
2340 5735 2388 5775 tn
2415 5742 2568 5790 marg.
2596 5737 2761 5780 autem
2786 5731 2985 5792 legitur,
3008 5746 3100 5783 non
3133 5748 3335 5786 uxorem
3362 5725 3505 5788 liabet
3529 5734 3556 5789 1

1960 5801 2054 5838 non
2077 5786 2247 5850 pueros
2266 5786 2288 5839 ?
2310 5797 2354 5840 ct
2370 5804 2461 5840 non
2479 5786 2596 5840 cura
2620 5791 2705 5842 tibi
2727 5799 2795 5843 est
2823 5786 2882 5844 de
2907 5786 3232 5848 morientibus.
