4084 6434
475 358 570 414 73!

533 472 588 526 δ.
627 468 733 524 Cur
756 469 980 524 homines
1005 468 1286 524 hominibus
1305 469 1586 540 prtefecerit
1615 466 1754 522 Deus
1772 507 1789 524 .
1817 483 1916 520 non
1938 466 2046 518 An-

464 562 623 634 gelos.
649 590 720 602 —-
741 559 910 617 llodie
937 561 1020 614 his
1041 561 1109 616 de
1135 561 1293 616 rebus
1316 577 1617 616 sermonem
1635 576 1788 615 orsus
1812 575 1928 614 sum
1948 601 1962 625 ,
1995 568 2053 614 ut

463 651 825 716 ostenderem,
856 653 978 708 ideo
1001 652 1331 708 sacerdotem
1363 669 1469 707 non
1504 667 1623 707 esse
1661 651 1929 720 angelum,
1955 649 2049 704 sed

466 742 736 799 hominem
765 761 832 800 ex
860 747 1075 800 homine
1103 758 1305 809 natum,
1337 757 1397 800 ut
1425 761 1492 800 ne
1519 762 1549 800 a
1581 755 1915 814 peccatorum
1960 758 2054 798 ex-

466 845 616 904 perte
640 845 924 903 peccantes
955 837 1361 891 interticiantur.
1391 835 1521 891 Nam
1547 836 1591 889 si
1621 833 1874 888 sacerdos
1908 843 2053 889 esset

464 925 688 995 angelus
715 927 916 996 peccati
943 940 1139 995 expers
1161 967 1177 992 ,
1209 935 1516 996 peccatores
1546 925 1729 980 statim
1760 928 2052 993 plecteret;

465 1018 561 1072 sed
592 1030 877 1088 propterea
907 1019 1066 1073 homo
1086 1030 1189 1085 est,
1215 1028 1274 1074 ut
1309 1033 1526 1073 suorum
1561 1018 1809 1073 conscius
1844 1017 2060 1071 morbo-

465 1123 586 1164 rum
612 1151 628 1174 ,
681 1126 795 1166 sua:
844 1121 1050 1181 natura:
1087 1111 1428 1167 consortibus
1471 1111 1729 1180 ignoscat.
1785 1109 2056 1164 Declaravi

467 1210 672 1268 postea,
728 1201 891 1254 Deum
929 1216 1148 1273 magnos
1177 1203 1338 1256 etiam
1379 1202 1543 1265 viros,
1568 1201 1760 1271 quibus
1805 1194 2057 1270 pepulum

468 1291 692 1344 multum
742 1293 1149 1347 concrediturus
1176 1301 1314 1358 erat,
1345 1293 1654 1362 permisisse
1694 1294 1744 1345 in
1783 1300 2058 1361 peccatum

470 1381 599 1447 labi,
632 1381 870 1453 ipsisque
897 1383 1106 1438 veniam
1134 1384 1377 1459 largitum
1405 1399 1526 1451 esse
1551 1427 1566 1449 ,
1591 1393 1648 1438 ut
1674 1393 1855 1452 postea
1876 1393 1930 1438 et
1959 1382 2058 1452 ip~i

468 1489 534 1529 es
570 1472 654 1530 bis
692 1475 927 1542 eruditi,
960 1476 1302 1533 humaniores
1340 1477 1606 1533 evadant:
1641 1476 1961 1543 Petrumque
2005 1474 2060 1528 in

469 1565 703 1619 medium
731 1565 967 1631 adduxi,
1000 1568 1157 1622 talem
1198 1567 1518 1636 apostolum,
1548 1567 1638 1637 qui
1684 1566 1735 1619 in
1786 1573 2061 1634 peceatum

473 1652 576 1707 labi
609 1656 903 1724 permissus
929 1665 1049 1719 est;
1078 1655 1171 1711 sed
1199 1656 1294 1712 Dei
1316 1657 1640 1727 benignitate
1667 1666 1938 1727 peccatum
1967 1671 2063 1725 per

473 1747 838 1814 penitentiam
887 1747 1106 1804 delevit.
1139 1750 1271 1819 Age,
1307 1749 1372 1805 ad
1417 1749 1622 1805 Heliam
1665 1750 1982 1815 redeamus,,
2008 1757 2066 1806 et

474 1847 621 1894 recte
671 1838 930 1893 factorum
971 1839 1089 1909 ejus
1139 1840 1358 1914 pelagus
1405 1841 2063 1910 ostendatnus:quoniam

471 1927 689 1983 volebat
708 1927 922 1999 quidem
950 1919 1089 1985 Deus
1105 1929 1431 2000 benignitate
1453 1929 1548 1996 uti,
1571 1932 1664 1986 sed
1693 1931 1785 1986 ille
1811 1931 2024 1986 nolebat
2048 1948 2062 1985 :

473 2017 691 2072 volebat
731 2018 871 2074 Deus
912 2019 1142 2088 pluviam
1167 2020 1316 2086 dare,
1339 2021 1434 2075 sed
1465 2022 1605 2076 servi
1654 2036 1840 2091 preces
1887 2024 2067 2092 requi-

475 2109 647 2163 rebat.
677 2109 813 2178 Quid
837 2111 994 2181 igitur
1015 2111 1040 2165 l
1059 2110 1164 2168 lter
1192 2101 1412 2184 perfecit
1439 2122 1608 2168 totum
1638 2113 1844 2182 llelias,
1884 2124 1941 2170 et
1971 2130 2067 2170 ve-

477 2199 555 2253 nit
581 2200 632 2256 in
657 2199 956 2270 Sarephtha
987 2202 1254 2269 Sidoniae,
1285 2203 1522 2274 viditque
1549 2205 1759 2260 viduam
1791 2206 2066 2262 mulierem

477 2287 620 2359 ligna
663 2290 1023 2362 colligentem.
1050 2291 1146 2348 llic
1187 2293 1318 2347 mihi
1367 2293 1531 2348 llelite
1585 2294 1973 2365 philosophiam
2015 2304 2072 2351 et

479 2377 642 2434 fidem
670 2381 1056 2437 animadverte.
1104 2382 1309 2437 Rursus
1338 2399 1461 2440 eum
1497 2385 1638 2439 aliud
1666 2385 1879 2440 virtutis
1921 2387 2069 2455 pela-

478 2486 582 2539 gus
609 2476 822 2542 excepit
847 2475 886 2524 ί.
911 2473 1026 2527 Non
1054 2473 1187 2528 dixit
1219 2474 1328 2530 Deo
1354 2493 1368 2529 :
1398 2475 1478 2530 Ad
1523 2491 1682 2546 quam
1729 2493 1815 2531 me
1863 2478 2071 2532 mittis?

484 2571 629 2616 tanta
659 2578 744 2618 me
785 2563 970 2618 subire
1011 2566 1158 2634 cogis
1208 2566 1481 2635 pericula,
1518 2577 1572 2621 et
1609 2569 1677 2623 ad
1729 2569 1939 2623 viduam
1985 2585 2073 2624 me

478 2652 672 2717 mittis,
721 2651 917 2708 famem
966 2653 1032 2735 ad
1075 2657 1416 2710 extremam?
1451 2673 1628 2712 annon
1677 2669 1803 2714 sunt
1841 2662 1939 2716 viri
1981 2662 2072 2716 alii

481 2742 880 2812 opulentiores,
914 2746 1004 2815 qui
1036 2757 1259 2816 possunt
1287 2747 1478 2803 famem
1508 2749 1689 2806 levare
1717 2753 1934 2807 meam?
1978 2755 2072 2810 sed

483 2843 628 2888 tanta
656 2844 916 2890 terrarum
949 2838 1118 2906 spatia
1143 2853 1386 2909 peragro,
1416 2849 1473 2895 ut
1516 2842 1583 2897 ad
1629 2843 1838 2898 viduam
1885 2859 2076 2914 perve-

487 2927 632 3004 niam
653 2969 670 2992 ,
697 2929 762 2982 ad
808 2928 979 3000 ipsam
1011 2931 1272 2986 malorum
1301 2933 1657 2990 calamitatem
1684 2952 1698 2999 ;
1723 2951 1823 2991 nec
1871 2947 2075 2993 tantum

487 3019 721 3086 viduam,
751 3021 845 3076 sed
875 3021 1036 3078 etiam
1069 3025 1448 3094 pauperculam
1469 3026 1494 3079 ?
1515 3027 1894 3085 Animadverte
1931 3030 2076 3100 quod

487 3113 620 3167 nihil
671 3113 859 3167 horum
905 3115 1049 3170 dicat
1091 3116 1356 3184 famulus;
1387 3115 1583 3174 fidebat
1619 3120 1761 3174 enim
1817 3121 2076 3188 Domino,

486 3203 578 3272 qui
608 3217 692 3268 ea,
722 3220 839 3275 quae
867 3205 978 3261 lieri
1010 3222 1116 3262 non
1165 3221 1323 3278 posse
1365 3208 1634 3276 videntur,
1659 3208 1838 3265 facilia
1881 3209 2076 3266 reddit.

497 3290 658 3360 Vade,
688 3294 893 3364 inquit,
923 3297 978 3350 in
1004 3296 1295 3367 Sarapin/sa
1317 3297 1527 3353 Sidonis
1549 3338 1564 3364 ,
1595 3308 1641 3353 et
1664 3315 1776 3353 ecce
1798 3301 1948 3353 vidua
1978 3317 2082 3354 una

490 3383 633 3454 tigna
656 3386 917 3458 colligens.
945 3387 1083 3455 Quid
1123 3387 1346 3455 incedis,
1377 3389 1524 3443 Helia
1544 3390 1569 3442 1'
1592 3390 1718 3461 quid
1760 3390 1829 3445 ad
1865 3391 2082 3447 viduam

489 3474 776 3532 accurris?
804 3477 982 3532 vidisti
1009 3478 1338 3548 paupertatis
1359 3479 1647 3546 vestibula,
1680 3495 1747 3535 ne
1786 3481 2081 3552 interroges

502 3559 700 3638 quanta
724 3570 794 3624 sit
839 3572 1070 3626 tenuitas
1104 3589 1118 3626 :
1151 3571 1328 3625 vidisti
1375 3573 1702 3643 paupertatis
1755 3573 2078 3644 ingressum,

497 3675 568 3715 ne
603 3675 813 3731 quaeras
838 3661 963 3732 quid
989 3661 1059 3716 sit
1097 3663 1256 3716 intus.
1279 3662 1396 3731 Quo
1425 3663 1742 3734 ingrederis,
1775 3664 1965 3720 llelia?
2002 3667 2081 3720 vi-

495 3748 620 3808 disti
653 3753 789 3824 ligna
819 3754 1193 3824 colligentem.
1225 3765 1279 3809 et
1329 3755 1396 3809 ab
1416 3755 1505 3809 illa
1553 3756 1744 3810 nutriri
1791 3757 2072 3826 postulas?

495 3845 744 3898 Attamen
765 3859 887 3899 cum
915 3843 1122 3899 Domini
1155 3845 1314 3898 verba
1350 3844 1402 3898 in
1448 3845 1638 3915 pigups
1675 3845 1926 3913 haberet,
1953 3848 2086 3902 abiit

497 3937 867 4008 alloquuturus
898 3937 1130 3992 viduam.
1155 3938 1218 3992 Et
1246 3937 1372 4007 quid
1401 3937 1516 3991 ait?
1546 3936 1627 3990 Da
1653 3940 1777 3999 mihi
1819 3929 2084 4008 paululum

498 4041 678 4096 aqua,
731 4036 788 4080 ut
829 4027 998 4080 bibam
1023 4026 1254 4097 (ἄκος.
1280 4026 1364 4080 17.
1395 4025 1506 4094 1ο).
1562 4026 1722 4081 Vides
1763 4030 2080 4097 sapientiam

499 4115 711 4170 lleliae?
737 4115 1004 4186 quomodo
1045 4129 1149 4170 non
1184 4117 1363 4170 statim
1413 4116 1480 4170 ad
1527 4116 1691 4182 illud,
1720 4118 1866 4188 quod
1914 4119 2087 4189 majus

501 4216 642 4273 erat,
674 4206 981 4276 petendum,
1008 4206 1102 4260 sed
1125 4206 1190 4260 ad
1218 4207 1292 4269 id,
1320 4206 1463 4277 quod
1494 4207 1651 4262 vilius
1677 4217 1811 4269 erat,
1845 4209 2089 4264 venerit?

502 4295 620 4351 Non
646 4296 798 4362 dixit,
847 4296 918 4350 Da
975 4297 1102 4349 mihi
1151 4311 1377 4366 panem,
1419 4296 1548 4362 sed,
1581 4299 1652 4352 Da
1698 4298 1830 4353 mihi
1868 4315 2087 4369 aquam.

506 4386 690 4441 Primo
729 4403 920 4456 aquam
973 4389 1138 4457 petit,
1167 4389 1476 4458 conjectans
1519 4388 1564 4443 si
1611 4403 1802 4458 aquam
1855 4387 2088 4458 habeat,

505 4490 696 4546 panem
755 4476 951 4531 habere
1010 4492 1186 4545 posse.
1237 4477 1320 4532 Da
1369 4479 1495 4533 mihi
1512 4522 1527 4544 ,
1565 4478 1771 4551 inquit,
1823 4465 2091 4551 paululum

506 4582 671 4633 mre.
721 4567 864 4622 Abiit
911 4568 1102 4635 vidua,
1145 4585 1336 4640 aquam
1394 4573 1532 4636 tulit,
1561 4579 1618 4626 et
1662 4571 1750 4627 ille
1797 4573 1968 4637 bibit;
2021 4573 2091 4628 ita

497 4666 699 4725 summ
732 4656 1108 4721 litlucia,Sume
1128 4660 1269 4719 mihi.
1296 4661 1495 4728 inquit,
1528 4671 1576 4714 et
1601 4663 1874 4715 buccellam
1901 4663 2047 4732 panis
2074 4705 2088 4728 ,

498 4757 556 4801 ιι
581 4749 838 4801 comedam
859 4747 1022 4820 (Ibid.
1049 4764 1096 4802 υ.
1125 4750 1232 4818 11).
1256 4748 1560 4818 Respondet
1588 4751 1674 4806 illa
1710 4770 1723 4806 :
1762 4751 1892 4806 Vivit
1917 4753 2094 4807 Domi-

514 4854 603 4893 nus
627 4879 642 4903 ,
679 4841 722 4891 si
754 4847 827 4892 est
859 4840 980 4892 mihi
1023 4841 1168 4908 panis
1209 4843 1557 4896 subciucritius
1581 4841 1740 4914 (Ibid.
1767 4861 1812 4898 tl.
1842 4845 1929 4915 12)
1949 4888 1963 4910 ,
1997 4848 2095 4900 nisi

513 4929 736 4999 pugillus
758 4931 778 4960 ⁸
800 4930 982 4997 farinae
1004 4931 1056 4982 in
1083 4931 1286 5000 hydria,
1313 4940 1360 4984 el
1389 4933 1651 5000 paululum
1677 4934 1775 4988 olei
1793 4941 1846 4987 in
1877 4934 2094 5005 lecgtlto,

512 5034 626 5083 qua:
653 5020 895 5090 faciemus
920 5031 966 5074 et
992 5022 1310 5075 comedemus
1337 5038 1427 5091 ego
1454 5034 1500 5076 et
1549 5025 1644 5092 lilii
1679 5025 1776 5078 inci
1794 5067 1810 5090 ,
1841 5036 1888 5079 et
1914 5028 2097 5078 morie-

512 5129 644 5163 mur.
690 5112 824 5177 Quid
872 5113 1031 5184 igitur
1079 5113 1292 5170 Helias?
1331 5115 1505 5182 Vade,
1559 5118 1746 5186 inquit,
1772 5129 1817 5172 et
1857 5122 1940 5187 [ac
1977 5119 2102 5172 mihi

513 5202 888 5282 sobrina-ilium
935 5221 1191 5270 seorsum,
1219 5214 1266 5259 et
1315 5208 1612 5270 comedam;
1640 5217 1689 5261 et
1732 5219 1904 5277 postea
1947 5210 2103 5280 facies

515 5295 636 5361 ﬁliis
664 5295 782 5360 tuis,
811 5307 857 5350 et
882 5299 1160 5351 comedent.
1183 5299 1319 5363 Quid
1346 5298 1494 5363 facis,
1526 5299 1672 5354 llelia
1695 5300 1718 5353 ?
1746 5310 1882 5366 esto,
1908 5316 2102 5369 panem

517 5394 688 5453 petas,
716 5400 812 5440 cur
842 5389 1065 5441 seorsim
1096 5395 1150 5442 et
1177 5390 1347 5456 primo
1373 5389 1465 5444 tibi
1491 5389 1603 5444 dari
1629 5391 1896 5457 postulas?
1923 5407 2104 5446 annon

516 5478 714 5547 gratias
741 5495 899 5548 agere
926 5480 1176 5547 deberes,
1205 5482 1248 5536 si
1295 5498 1395 5536 uua
1439 5499 1560 5537 eum
1606 5481 1726 5538 liliis
1763 5484 1880 5554 ejus
1925 5499 2108 5540 eome-

560 5588 613 5659 .'_
639 5595 702 5659 tta
726 5589 898 5659 savil.;
923 5591 970 5659 in
997 5591 1161 5642 Morel.
1185 5599 1350 5659 autem
1385 5603 1438 5646 et
1458 5598 1509 5646 in
1539 5594 1754 5655 ttontef.,
1778 5609 1946 5648 rursus
1968 5597 2108 5649 aliud

522 5651 708 5722 vilitatis
729 5651 834 5722 ejus
858 5666 904 5712 β(
918 5652 1057 5722 lngus
1081 5655 1384 5722 escipit.

587 5713 606 5741 ⁸
629 5720 689 5778 .m
716 5713 874 5784 savii,
900 5713 1035 5784 sicut
1059 5717 1177 5768 milu'
1199 5713 1310 5769 nisi"
1337 5715 1566 5784 pugilltts,
1594 5722 1714 5781 etc,
1750 5721 1925 5774 omissa
1967 5735 2106 5784 voce,

519 5774 659 5842 pm.
684 5774 1034 5827 subctncritius.

491 5995 496 6000 '
516 5975 572 5992 ον’

1256 356 1308 410 8.
1343 354 1622 411 ιΟΑΝΝιδ
1661 353 2134 409 αιιιγδυδτοδιι
2175 354 2494 411 ARCIIIEP.
2536 339 3069 412 CONSTANTINOP.

3650 353 3756 409 73!

2157 465 2360 522 deres?
2389 476 2442 522 tu
2475 469 2554 524 vis
2579 469 2864 524 comedere
2887 470 3055 534 solus,
3083 478 3141 526 et
3167 469 3284 540 ejus
3315 469 3454 525 lllios
3485 471 3627 526 fame
3658 485 3753 525 ne-

2156 572 2282 612 care
2314 560 2352 611 ¹.
2374 557 2597 631 [Necare
2620 577 2723 615 non
2747 561 2895 626 volo,
2924 559 3017 615 sed
3047 560 3285 617 benefice
3312 560 3511 616 habere
3536 560 3662 616 volo
3685 557 3754 634 '.]

2158 649 2289 705 Novi
2316 652 2690 708 liberalitatem
2737 665 2792 709 et
2834 654 3042 724 copiam
3085 654 3294 709 Domini
3337 653 3464 709 mei.
3496 654 3753 709 Attamen

2158 743 2325 796 vidua.
2347 760 2450 799 non
2507 745 2711 798 turbata
2765 756 2847 801 est
2874 745 2917 813 ³,
2949 761 3050 801 nec
3091 746 3218 817 quid
3274 745 3566 801 absurdum
3610 749 3752 814 cogi-

2163 835 2311 901 tavit,
2344 850 2516 905 ueque
2544 836 2681 890 dixit
2712 854 2726 889 :
2758 836 2837 892 'l'u
2869 852 2928 891 es
2957 837 3046 907 qui
3076 837 3268 891 famem
3311 836 3450 892 hanc
3486 836 3753 903 intulisti;

2161 932 2216 978 et
2247 925 2296 978 iu
2315 919 2560 985 reliquiis
2575 925 2733 995 lmjus
2763 926 2920 982 famis
2948 942 2978 982 a
3009 942 3096 982 me
3125 925 3319 982 nutriri
3350 925 3590 996 postulas
3611 926 3637 978 τ
3666 941 3760 979 ne-

2161 1032 2266 1087 que
2290 1017 2423 1071 dixit
2455 1034 2470 1072 :
2500 1018 2699 1076 Orbem
2729 1029 2990 1074 terrarum
3019 1020 3106 1089 qui
3137 1027 3316 1072 tantus
3342 1028 3425 1074 est
3450 1017 3739 1088 neglexisti

2163 1117 2221 1161 ut
2241 1107 2306 1162 ad
2340 1123 2425 1162 me
2448 1109 2679 1176 venires,
2725 1110 2967 1180 filiosque
2997 1124 3145 1165 meos
3177 1108 3316 1164 fame
3357 1123 3614 1173 necares,
3643 1108 3764 1177 ipse

2165 1197 2324 1253 famis
2370 1200 2593 1253 auctor?
2618 1199 2712 1255 sed
2745 1199 3096 1254 Abrahamica
3140 1200 3227 1254 illa
3275 1199 3468 1254 mulier
3514 1199 3761 1268 ingressa

2166 1288 2289 1343 fecit
2341 1287 2391 1342 id
2439 1289 2580 1359 quod
2614 1291 2872 1359 propheta
2903 1291 3116 1344 dixerat
3145 1305 3162 1355 ;
3191 1291 3478 1358 videreque
3519 1299 3636 1343 erat
3683 1290 3766 1341 vi-

2163 1380 2322 1434 duam
2367 1382 2483 1450 ipso
2513 1382 2820 1437 Abrahamo
2861 1382 3283 1452 hospitaliorum.
3320 1381 3414 1435 Ille
3444 1381 3589 1436 enim
3623 1397 3765 1449 opu-

2167 1471 2344 1526 leutus
2387 1487 2510 1527 cum
2564 1482 2741 1539 esset,
2788 1474 3008 1542 angelos
3057 1473 3292 1542 hospitio
3335 1471 3588 1543 excepit;
3644 1471 3768 1526 hau:

2165 1577 2295 1617 vero
2319 1578 2384 1617 ex
2418 1562 2557 1618 fame
2586 1564 2857 1618 interitum
2901 1573 3255 1634 exspectans,
3286 1564 3498 1633 excepit
3524 1561 3765 1632 prophe-

2167 1660 2299 1706 tam.
2321 1653 2620 1724 Videreque
2641 1664 2756 1710 erat
2778 1664 3023 1710 naturam
3039 1664 3425 1725 contemptam,
3450 1664 3505 1710 et
3521 1655 3769 1724 hospita-

2169 1748 2370 1803 litatem
2418 1748 2734 1803 honoratam
2765 1768 2780 1805 :
2809 1749 2992 1805 videre
3019 1759 3138 1806 erat
3164 1748 3368 1804 viscera
3397 1748 3637 1819 projeeta
3658 1790 3674 1813 ,
3705 1757 3768 1805 et

2169 1830 2483 1908 prophetam
2529 1849 2879 1910 susceptum;
2913 1849 3078 1896 totam
3129 1839 3360 1895 filiorum
3424 1839 3633 1894 turbam
3678 1852 3776 1894 se-

2168 1928 2410 1996 pulcrum
2440 1929 2619 1984 ellecit
2646 1948 2659 1985 :
2682 1941 2940 2000 quantum
2967 1931 3110 1987 enim
3144 1931 3244 1986 fuit
3269 1931 3441 1986 vidua:
3473 1931 3525 1986 in
3558 1945 3765 2000 prope-

2169 2019 2297 2082 situ,
2323 2018 2400 2074 illi
2429 2021 2626 2074 mortui
2658 2030 2816 2087 sunt,
2844 2021 2938 2076 sed
2969 2021 3062 2076 Dei
3093 2022 3422 2093 benignitate
3451 2019 3654 2075 factum
3683 2027 3772 2076 est

2170 2120 2230 2165 ut
2259 2112 2502 2168 viverent
2528 2121 2582 2168 et
2621 2113 2917 2168 incolumes
2943 2125 3144 2168 essem.
3168 2113 3360 2168 Nescio
3388 2112 3581 2182 quibus
3622 2126 3772 2182 pra:-

2171 2205 2342 2258 coniis
2372 2204 2583 2259 viduam
2615 2205 2936 2260 celebrabo:
2965 2205 3236 2276 quomodo
3259 2205 3396 2260 filios
3420 2205 3771 2275 contempsit,

2172 2310 2224 2351 et
2253 2297 2670 2368 hospitalitatem
2694 2299 2941 2369 amplexa
2970 2307 3058 2354 est
3089 2315 3102 2352 :
3132 2298 3404 2368 quomodo
3432 2308 3621 2352 natura
3651 2298 3773 2367 ejus

2174 2406 2281 2444 non
2322 2389 2620 2455 contabuit,
2641 2390 2727 2446 vel
2757 2392 2951 2445 matrix
2981 2405 3086 2446 nor:
3114 2399 3316 2445 mutata
3349 2388 3471 2454 fuit,
3495 2388 3774 2459 quomodo

2174 2484 2381 2539 viscera
2407 2484 2523 2555 ejus
2565 2500 2670 2538 non
2695 2484 2952 2539 dissoluta
2981 2492 3124 2548 sunt,
3153 2499 3274 2537 cum
3317 2482 3523 2536 videret
3561 2479 3775 2534 turbam

2177 2577 2434 2646 integram
2507 2576 2737 2630 filiorum
2797 2591 2922 2630 mox
2978 2575 3116 2629 fame
3168 2573 3621 2637 consumendum;
3673 2569 3774 2627 sed

2176 2668 2425 2722 Omnibus
2454 2668 2729 2736 Superior,
2760 2667 3076 2736 prophetam
3110 2665 3344 2735 Ιιηειιίιίο
3383 2665 3605 2733 recepit.
3631 2662 3775 2718 Cum

2177 2759 2474 2827 accepisset
2511 2767 2687 2812 autem
2732 2757 2990 2827 propheta
3042 2765 3097 2812 et
3143 2756 3501 2821 comedisset,
3554 2755 3779 2810 demum

2177 2847 2481 2903 mercedem
2512 2848 2796 2902 retribuit:
2828 2847 3243 2916 hospitalitatem
3281 2845 3436 2900 vidua
3464 2844 3780 2912 seminavit,

2177 2941 2468 3010 statimque
2517 2939 2896 3009 hospitalitatis
2946 2942 3149 3008 spicam
3193 2945 3496 2994 comantem
3532 2938 3779 3008 collegit.

2179 3032 2317 3102 Quid
2345 3033 2487 3088 enim
2517 3031 2583 3086 ad
2611 3047 2728 3087 eam
2754 3031 2974 3087 Helias?
3009 3029 3139 3084 Viuit
3167 3029 3416 3084 Dominus
3434 3070 3452 3095 ,
3480 3029 3666 3100 hydria
3696 3031 3783 3100 fa-

2179 3126 2308 3180 rinae
2335 3141 2436 3178 non
2466 3124 2682 3193 deficiet,
2710 3133 2758 3178 et
2783 3125 3015 3193 lecgthus
3039 3122 3140 3177 olei
3167 3139 3269 3176 non
3300 3121 3666 3192 imntiuuetssr(
3689 3120 3778 3176 η.

2185 3231 2234 3270 υ.
2267 3212 2378 3284 lt).
2407 3215 2570 3270 Facta
2599 3225 2682 3269 est
2706 3215 2879 3269 vidua:
2900 3215 3118 3268 dextera
3151 3212 3386 3267 torcular
3406 3251 3423 3276 ,
3459 3223 3515 3267 et
3556 3212 3782 3270 sinistra

2182 3323 2306 3363 area
2327 3318 2382 3362 et
2410 3307 2665 3374 manipuli
2692 3307 2743 3361 in
2768 3308 3089 3363 necessitate
3132 3307 3364 3361 fructum
3387 3305 3700 3372 reddvntes,
3723 3313 3784 3360 et

2185 3414 2281 3469 per
2327 3397 2600 3468 propheta:
2637 3398 2800 3452 verba
2827 3398 3040 3453 viduam
3073 3398 3391 3453 nutrientes.
3418 3396 3682 3453 Torcular
3725 3408 3783 3454 et

2182 3503 2308 3544 area
2350 3488 2490 3544 facta
2513 3498 2595 3544 est
2623 3488 2815 3544 domus
2843 3487 3052 3554 vidua};
3080 3504 3183 3544 nou
3217 3489 3410 3554 imber,
3438 3503 3548 3544 non
3575 3489 3780 3558 pluvia,

2185 3596 2290 3635 non
2325 3576 2444 3646 ver,
2478 3595 2582 3634 non
2611 3590 2919 3642 autumnus.
2945 3594 3050 3633 non
3094 3589 3274 3644 uastas,
3299 3595 3407 3634 non
3434 3591 3597 3634 testas
3621 3619 3636 3641 ,
3670 3596 3781 3633 non

2185 3681 2464 3726 ventorum
2523 3672 2642 3738 vis,
2697 3686 2802 3724 non
2871 3680 3174 3739 temporum
3228 3668 3643 3734 mutationes‘;
3683 3670 3784 3728 sed

2187 3764 2408 3819 verbum
2433 3778 2595 3818 unum
2616 3778 2680 3818 ex
2709 3761 2986 3832 propheta:
3015 3763 3282 3818 sententia
3317 3763 3582 3832 prolatum
3606 3761 3786 3816 viduae

2187 3867 2370 3908 rerum
2398 3853 2610 3924 copiam
2652 3852 3102 3910 subministravit.
3142 3853 3269 3908 Inde
3306 3869 3436 3907 vero
3486 3864 3700 3923 mystas,
3727 3863 3789 3908 ut

2188 3947 2374 4017 paucis
2400 3931 2696 4011 absolvam,
2724 3946 2854 4000 abiit
2880 3945 2947 4000 ad
2986 3961 3165 4016 regem
3194 3944 3398 4000 Achab.
3422 3945 3599 3999 Dicam
3639 3960 3788 4000 nunc

2189 4036 2307 4106 ejus
2338 4036 2596 4106 praeclara
2623 4050 2808 4104 opera,
2841 4045 2899 4088 ut
2925 4050 3047 4089 cum
3071 4051 3194 4088 eum
3226 4045 3535 4103 peccantem
3559 4035 3786 4100 videris,

2191 4127 2368 4181 discas
2415 4125 2509 4181 Dei
2555 4127 2781 4196 gratiam
2825 4141 2950 4195 erga
3000 4125 3248 4180 homines
3292 4126 3597 4195 benignam.
3645 4127 3790 4192 Quid

2193 4225 2369 4270 autem
2414 4215 2482 4270 ad
2528 4215 2673 4270 illum
2704 4215 2927 4270 Achab?
2954 4215 3030 4268 Tu
3059 4230 3111 4268 es
3157 4215 3243 4281 qui
3286 4215 3524 4284 pervertis
3567 4212 3736 4268 Israel
3764 4215 3794 4270 2
3878 4249 3887 4256 ~

2195 4308 2488 4380 Respondit
2515 4307 2601 4363 ille
2621 4350 2636 4369 .
2672 4306 2821 4369 Non,
2842 4309 2930 4362 sed
2958 4316 3042 4373 tu,
3087 4316 3133 4361 et
3178 4306 3358 4361 domus
3415 4307 3575 4376 patris
3600 4309 3676 4360 tui
3700 4306 3783 4380 (5.

2197 4401 2325 4472 Reg.
2357 4401 2442 4456 18.
2473 4401 2557 4456 17.
2587 4399 2698 4471 18).
2727 4398 2969 4454 Vidistin‘
3007 4399 3282 4467 prOphctte
3327 4398 3577 4468 loquendi
3625 4399 3793 4454 liber-

2200 4493 2659 4563 tatem,quomodo
2679 4507 2858 4562 regem
2889 4490 3196 4561 redarguit?
3220 4489 3406 4545 Postea
3428 4505 3548 4550 cum
3577 4491 3796 4547 sederet

2199 4585 2252 4638 in
2294 4583 2755 4649 ttt0ttte,;accessit
2796 4583 2864 4639 ad
2907 4597 3031 4637 cum
3078 4581 3322 4636 centurio
3367 4581 3588 4646 dicens,
3623 4580 3797 4637 Homo

2199 4675 2295 4731 Dei
2322 4717 2336 4738 .
2390 4676 2669 4740 descende,
2699 4691 2799 4728 rea:
2835 4683 2883 4727 te
2927 4683 3068 4749 vocat
3093 4673 3169 4744 (i.
3205 4671 3333 4743 Reg.
3366 4673 3419 4727 1.
3448 4672 3482 4728 9
3536 4673 3643 4741 l0).
3697 4670 3797 4728 [tle

2201 4783 2329 4824 vero
2359 4785 2373 4822 :
2404 4768 2462 4824 Si
2489 4769 2639 4821 homo
2664 4767 2758 4820 Dei
2779 4783 2892 4819 sunt
2911 4807 2928 4831 ,
2968 4766 3237 4820 descendat
3278 4765 3411 4832 ignis
3451 4765 3513 4817 de
3549 4765 3674 4818 caelo
3698 4805 3714 4828 ,
3746 4777 3800 4818 et

2202 4862 2400 4915 devoret
2427 4871 2493 4926 te,
2520 4868 2568 4913 et
2587 4860 2955 4928 quinquaginta
2983 4867 3116 4910 tuos.
3149 4855 3353 4910 Deinde
3391 4856 3632 4910 secundo
3658 4857 3801 4911 alius

2201 4951 2686 5024 quinquagenarius
2734 4947 2864 5003 dicit
2895 4964 2909 5001 :
2939 4945 3104 5001 Homo
3148 4947 3241 5001 Dei
3263 4987 3278 5011 ,
3309 4945 3586 5008 descende,
3616 4962 3706 4999 rei:
3751 4956 3804 4999 te

2205 5061 2334 5115 opus
2357 5045 2502 5098 habet
2529 5040 2689 5116 (Ibid.
2720 5057 2772 5094 υ.
2797 5027 3010 5110 11).Ἐι
3033 5039 3158 5107 quid
3186 5037 3254 5090 ad
3296 5037 3441 5090 illum
3489 5035 3706 5090 Helias?
3737 5038 3799 5090 Si

2209 5138 2358 5191 homo
2395 5135 2492 5190 D'ei
2517 5151 2628 5188 sum
2665 5148 2779 5203 ego,
2811 5131 3077 5183 descendat
3105 5130 3238 5200 ignis
3260 5129 3323 5181 de
3355 5127 3500 5196 celo,
3531 5136 3577 5181 et
3600 5128 3804 5180 deuoret

2209 5238 2256 5281 te
2279 5238 2325 5281 et
2349 5225 2716 5297 quinquaginta
2744 5233 2857 5276 tuos
2883 5220 3042 5291 (Ibid.
3071 5236 3116 5274 υ.
3145 5220 3258 5288 12).
3283 5217 3412 5272 lude
3439 5231 3651 5270 rursum
3677 5231 3801 5270 eum

2209 5319 2389 5385 venit,
2417 5317 2484 5372 ad
2512 5315 2770 5370 orationis
2792 5311 3100 5367 condietmn
3129 5311 3444 5380 provocavit
3489 5306 3806 5364 sacerdotes

2276 5477 2294 5506 ι
2331 5480 2378 5521 tn
2395 5471 2557 5531 Savil.,
2574 5477 2620 5521 et
2638 5467 2852 5534 ﬁliorum
2875 5466 3230 5534 multitudinem
3252 5479 3443 5534 nccare.

2277 5537 2298 5566 ³
2329 5545 2442 5592 onze
2477 5524 2664 5582 uncinis
2683 5531 2972 5580 clauduntur
2993 5531 3174 5578 desunt
3205 5529 3334 5591 apud
3360 5525 3551 5576 .uontef.
3576 5532 3610 5574 Ε
3632 5524 3804 5575 sarrito

2213 5605 2377 5647 autem
2403 5595 2594 5645 inducta
2613 5600 2748 5643 sunt.

2279 5660 2300 5690 ³
2332 5658 2405 5706 sic
2423 5663 2526 5705 uss.
2553 5663 2717 5704 uorat.
2745 5666 2885 5712 vero,
2906 5665 3000 5702 non
3023 5658 3211 5701 mortua
3225 5657 3311 5700 est.
3770 5707 3779 5715 ~

2277 5719 2300 5750 δ
2333 5715 2634 5830 Apudsarvil.
2659 5715 2861 5782 legitur,
2887 5727 2979 5766 non
3001 5721 3165 5773 «ναίω.
3190 5727 3288 5764 non-
3305 5720 3573 5776 tcntporunt
3613 5716 3804 5772 praestt-

2277 5789 2425 5830 torum
2451 5791 2516 5830 vis

2217 5789 2425 5835 tutorum
2451 5791 2516 5830 νη
