4084 6434
272 368 379 427 πί

352 482 423 554 γ’.
450 485 701 557 Σήμερον
729 484 784 541 δέ
813 484 954 558 ὑπὲρ
987 484 1097 540 τῶν
1128 483 1308 539 αὐτῶν
1332 485 1421 540 διὰ
1452 486 1614 541 τοῦτο
1638 480 1866 557 ἐξῆλθον

280 569 372 623 τὸν
399 567 557 638 λόγον
579 571 754 622 εἰπεῖν
772 608 787 629 .
817 568 901 623 δτι
943 567 1033 622 διὰ
1061 567 1221 622 τοῦτο
1256 568 1357 622 οὐκ
1385 569 1605 637 ἐγένετο
1635 569 1868 638 ἄγγελος

275 648 485 721 ἱερεὺς,
509 650 626 705 ἀλλ’
674 650 963 721 ἄνθρωπος
1011 650 1071 717 ἐξ
1104 649 1395 722 ἀνθρώπου
1420 691 1435 714 ,
1464 651 1551 704 ἴνα
1588 651 1663 723 μὴ
1717 650 1868 723 παρά

278 733 667 805 ἀναμαρτήτου
716 734 1045 806 ἀναιρῶνται
1090 735 1139 787 οἰ
1186 735 1611 806 ἁμαρτάνοντες.
1654 734 1718 786 Εἰ
1758 732 1867 803 γὰρ

279 814 513 883 ἄγγελος
552 810 621 887 ἦν
670 815 745 887 μή
788 816 1119 887 ἁμαρτάνων
1147 818 1177 869 δ
1213 817 1425 887 ἱερεὺς,
1455 817 1583 879 τοὺς
1616 814 1869 887 ἁμαρτά-

272 908 471 959 νοντας
516 898 859 969 παραχρῆμα
880 898 947 953 ἂν
973 897 1230 963 ἐκόλαζεν
1248 938 1264 963 ,
1286 898 1424 953 ἀλλά
1453 898 1543 953 διά
1573 898 1733 951 τοῦτο
1767 898 1865 952 ἀν-

274 977 499 1051 θρωπος
554 980 779 1050 γέγονεν
806 1021 820 1045 ,
870 982 957 1034 ἵνα
996 981 1346 1054 συγγινώσκῃ
1386 982 1466 1053 τῷ
1506 980 1861 1054 ὁμοιοπαθετ,

278 1056 590 1133 ὖπόμνησιν
614 1064 911 1135 λαμϐάνων
942 1066 1005 1119 ἐκ
1032 1066 1142 1121 τῶν
1179 1066 1327 1122 ἰδίων
1363 1066 1553 1121 παθῶν
1585 1069 1699 1129 τοῖς
1731 1068 1865 1137 δμο-

277 1146 490 1216 φύλοις.
522 1144 655 1202 Εἶτα
696 1151 1115 1220 παρηγάγομεν,
1141 1150 1224 1204 δτι
1271 1151 1372 1204 καὶ
1393 1152 1523 1214 τοὺς
1571 1150 1863 1221 μεγάλους,

271 1224 361 1294 οἷς
387 1231 581 1302 ἔμελλε
611 1233 889 1287 πιστεύειν
912 1234 1039 1288 λαὸν
1067 1234 1257 1300 πολὺν,
1283 1234 1663 1307 συνεχώρησεν
1692 1237 1868 1308 ἀμαρ-

271 1313 373 1387 τίᾳ
425 1314 721 1369 ὕττοςπσείν
745 1356 761 1378 ,
795 1318 889 1370 καὶ
930 1318 1261 1388 συγγνώμην
1315 1318 1503 1382 αὐτοῖς
1552 1317 1737 1372 δοῦναι
1775 1320 1867 1373 ἵνα

278 1396 422 1467 μετά
468 1398 643 1452 ταῦτα
684 1398 781 1453 καὶ
831 1400 985 1453 αὐτοὶ
1016 1400 1077 1466 ἐξ
1119 1395 1196 1455 ὧν
1227 1400 1628 1473 ἐπαιδεύθησαν
1672 1401 1861 1471 φιλαν⁸

275 1479 616 1552 θρωπότεροι
668 1482 955 1552 γένωνται.
987 1484 1098 1539 Καὶ
1140 1484 1348 1553 Πέτρον
1394 1486 1720 1555 παρήγαγον
1770 1485 1865 1540 τδν

271 1562 519 1617 τοιοῦτον
555 1566 873 1629 ἀπόστολον,
918 1567 1345 1641 συγχωρηθέντα
1376 1569 1476 1637 μὲν
1515 1569 1860 1641 ἀμαρτῆσαι,

275 1647 539 1719 μετανοίᾳ
563 1649 621 1702 δέ
651 1649 1011 1721 ἐξαλείψαντα
1032 1652 1133 1722 τὴν
1177 1650 1455 1721 ἀμαρτίαν
1491 1654 1557 1723 τῇ
1596 1651 1693 1706 τοῦ
1724 1652 1862 1707 Θεοῦ

272 1728 659 1804 φιλανθρωπία
709 1732 881 1804 Δεῦρο
909 1733 973 1806 δὴ
1010 1734 1107 1786 καὶ
1133 1734 1227 1787 ἐπὶ
1267 1734 1359 1787 τὸν
1408 1734 1595 1789 Ἦλίαν
1638 1735 1907 1789 ἐπανέλ-ικ

273 1808 458 1881 θωμεν
479 1852 495 1877 ,
523 1815 618 1867 καὶ
650 1814 913 1886 δείξωμεν
965 1814 1132 1870 αὐτοῦ
1162 1815 1223 1868 τὸ
1263 1814 1501 1885 πέλαγος
1524 1815 1633 1871 τῶν
1666 1834 1865 1889 κατορ-

272 1890 565 1963 θωμάτων,
586 1897 667 1950 δτι
690 1896 822 1961 Θεὸς
854 1897 956 1969 μὲν
989 1899 1224 1970 ἠθέλησε
1253 1897 1862 1974 φιλανθρωττεύσμσθαι,

284 1975 477 2040 Ἠλίας
499 1978 556 2032 δὲ
589 1981 690 2034 οὐκ
728 1980 1316 2053 ἐφιλανθρωπεύσατο·
1350 1982 1445 2036 καὶ
1486 1982 1649 2055 ήθελε
1676 1982 1864 2038 δοῦναι

270 2058 452 2121 ὑετὸν.
481 2061 597 2116 ἀλλ’
627 2062 811 2133 ἐζήτει
842 2064 1067 2131 ἀξίωσιν
1100 2066 1255 2138 παρά
1276 2066 1373 2120 τοῦ
1396 2066 1607 2122 δούλου.
1640 2066 1706 2119 Τί
1734 2062 1860 2132 οῦν;

272 2141 558 2213 Παρῆλθεν
589 2148 618 2198 δ
663 2148 850 2210 Ἠλίας
870 2148 1016 2218 ,ὅλην
1039 2149 1138 2219 τὴν
1162 2149 1302 2211 ὁδὸν,
1326 2150 1422 2203 καὶ
1448 2145 1612 2221 ἦλθεν
1640 2151 1722 2212 εἰς
1758 2151 1865 2224 23a-

272 2227 447 2296 9s;0i
475 2232 574 2299 τῆς
602 2229 880 2295 Σιδωνίας,
903 2232 998 2299 καὶ
1024 2228 1131 2284 εἶδε
1159 2234 1394 2301 γυναῖκα
1420 2234 1599 2304 χήραν
1631 2234 1755 2287 τινά
1779 2233 1867 2299 ξυ-

267 2306 591 2382 λευομένην,
634 2313 775 2366 ’Δλλ’
798 2315 950 2385 ὅμως
981 2314 1146 2384 βλέπε
1173 2314 1269 2368 τοῦ
1317 2316 1496 2369 Ἠλίου
1525 2314 1624 2388 τὴν
1655 2316 1865 2386 φιλοσο-

268 2391 402 2457 φίαν
433 2395 526 2448 καὶ
560 2396 663 2466 τήν
696 2397 900 2451 πίστιν.
935 2398 1106 2453 Πάλιν
1141 2398 1271 2454 ἀλλο
1295 2397 1533 2468 πέλαγος
1574 2399 1739 2454 αὐτὸν
1791 2400 1866 2454 δι·

267 2478 493 2545 εδὲξατο
517 2481 719 2551 ἀρετῆς
747 2492 792 2534 ι.

341 2640 458 2692 Οὐκ
489 2635 611 2692 εἷπε
638 2640 717 2712 τῷ
745 2641 887 2713 Θεῷο
925 2642 1071 2713 Πρὸς
1097 2641 1218 2697 τίνα
1248 2660 1317 2714 με
1350 2644 1594 2716 πέμπεις
1622 2664 1637 2711 ;
1673 2647 1864 2701 τοσού-

267 2741 398 2788 τους
434 2741 501 2794 με
536 2727 707 2789 ποιεῖς
740 2725 1019 2788 κινδύνους
1052 2726 1371 2797 ὑπομεῖναι,
1397 2730 1492 2782 καὶ
1519 2730 1655 2801 1:90;
1686 2732 1863 2803 χήραν

274 2824 344 2878 με
375 2808 616 2877 πέμπεις
638 2810 717 2871 εἰς
746 2808 974 2878 ἔσχατον
1003 2808 1192 2880 λιμόνς
1234 2810 1309 2882 μὴ
1338 2811 1448 2884 γάρ
1477 2814 1577 2866 οὐκ
1615 2815 1752 2868 εἰσὶν
1778 2814 1864 2868 άλ-

270 2891 354 2944 λοι
405 2890 598 2961 ἀνδρες
644 2891 1035 2963 εὐπορώτεροι,
1070 2892 1363 2963 δυνάμενοι
1401 2893 1502 2965 τὴν
1529 2896 1721 2949 πενίαν
1758 2915 1862 2968 μου

269 2972 817 3044 παραμυθήσασθαις
857 2974 995 3027 ἀλλά
1039 2976 1311 3046 τοσαύτην
1360 2977 1467 3048 γῆν
1500 2977 1704 3047 βαδίζω
1726 3022 1742 3046 ,
1774 2981 1863 3035 ἴνα

266 3057 408 3127 1:90;
442 3057 617 3129 χήραν
645 3059 942 3128 ἀπαντήσω
961 3098 976 3116 ,
1002 3058 1083 3122 εἰς
1114 3059 1285 3130 αὐτήν
1309 3059 1411 3132 τὴν
1434 3064 1722 3135 συμφοράν
1752 3065 1863 3119 τῶν

266 3139 487 3203 κακῶν,
531 3141 628 3194 καὶ
660 3140 722 3194 οὐ
778 3140 939 3210 μόνον
986 3142 1191 3211 χήραν,
1228 3141 1363 3196 ἀλλά
1410 3145 1505 3198 καὶ
1540 3148 1807 3219 πενιχράν
1844 3166 1860 3215 ;

280 3221 566 3292 Ἐννόησον
600 3223 719 3286 πῶς
746 3223 900 3299 οὐδὲν
924 3225 1128 3280 τούτων
1156 3223 1311 3283 εἷπεν
1335 3230 1364 3283 ό
1380 3230 1635 3303 θεράπων
1657 3250 1668 3262 ·
1695 3233 1863 3307 ἐθάρ-

268 3309 355 3377 ρει
400 3307 507 3378 γὰρ
539 3307 618 3378 τῷ
662 3306 857 3361 ἑαυτοῦ
910 3311 1159 3384 Δεσπότῃ
1197 3312 1276 3385 τῷ
1324 3316 1389 3369 ἐκ
1429 3315 1541 3370 τῶν
1581 3306 1862 3373 ἀδυνάτων

266 3389 471 3444 δυνατὰ
504 3390 765 3446 ποιοῦντι.
801 3393 1070 3457 Ἀπελθε,
1104 3397 1271 3468 φησὶν
1332 3400 1419 3464 εἰς
1446 3403 1723 3470 Σαρεφθὰ
1752 3402 1863 3469 τῆς

269 3472 553 3538 Σιδῶνος,
581 3473 679 3527 καί
713 3474 844 3528 ἰδοὺ
866 3477 977 3542 μία
1014 3478 1174 3547 χήρα
1215 3478 1613 3551 ξυλευομένη.
1656 3484 1723 3537 Τί
1768 3480 1862 3539 οῦν

268 3556 572 3639 ἐπιϐαίνεις
601 3556 679 3609 ἔτι
706 3599 719 3615 .
758 3557 943 3623 Ἠλίας
971 3560 1025 3613 τί
1063 3562 1120 3614 δὲ
1151 3564 1514 3635 προστρέχεις
1569 3567 1636 3638 τῇ
1675 3568 1857 3639 χήρας

264 3632 408 3723 εἶδες
444 3639 515 3693 τά
558 3640 880 3723 προπύλαια
894 3641 995 3713 τῆς
1028 3632 1241 3709 πενίας,
1281 3632 1358 3718 μή
1395 3632 1576 3719 ἐρώτα

264 3722 369 3793 τῆς
421 3725 800 3795 μετριότητος·
830 3720 969 3788 εἶδες
998 3725 1099 3797 τήν
1133 3728 1338 3782 εἴσοδον
1369 3731 1471 3799 τῆς
1508 3733 1718 3796 πενίας,
1756 3720 1862 3805 μη.

264 3807 355 3888 δέν
386 3808 567 3877 ἐρώτα
592 3806 864 3878 περὶτῶν
908 3808 1078 3863 ἐνδον.
1110 3810 1221 3864 Ποῦ
1274 3814 1600 3888 ἐπεισέρχῃ,
1669 3816 1858 3881 Ἦλία;

266 3885 409 3952 εἶδες
431 3890 820 3962 ξυλευομὲνην,
846 3893 941 3945 καὶ
970 3895 1247 3966 τραφῆναι
1270 3895 1455 3968 ζητεῖς
1475 3885 1621 3970 παρ’
1653 3900 1859 3972 αὐτῆς;

281 3973 423 4026 Ἀλλ’
449 3975 592 4043 ὅμως
643 3974 782 4045 έχων
816 3976 1071 4048 ἐνέχυρον
1107 3978 1202 4032 τοῦ
1249 3982 1525 4036 Δεσπότου
1553 3984 1646 4036 τὸν
1678 3984 1859 4052 λόγον,

266 4058 437 4129 ἀπῄει
474 4057 854 4128 διαλεγόμενος
876 4062 940 4130 τῇ
979 4062 1141 4132 χήρᾳ.
1179 4064 1291 4126 Καὶ
1329 4065 1385 4118 τί
1414 4083 1588 4136 φησι;
1618 4068 1729 4134 Δός
1759 4086 1861 4137 μοι

266 4142 483 4211 μικρὸν
528 4141 720 4209 ὕδωρ,
772 4143 872 4196 ἵνα
920 4145 1051 4197 πίω.
1103 4146 1267 4218 Ὁρᾷς
1314 4146 1468 4221 [756]
1519 4153 1711 4221 σοφίαν
1763 4154 1860 4206 τοῦ

279 4222 497 4287 Ἡλίου;
539 4224 659 4288 πῶς
688 4225 790 4279 οὐκ
833 4226 1037 4291 εὐθέως
1068 4230 1160 4283 ἐπὶ
1192 4230 1254 4283 τὸ
1298 4232 1653 4305 ἰσχυρότερον
1680 4236 1860 4308 ἀπῆλ-

263 4310 381 4368 θεν.
419 4310 533 4363 ἀλλ’
562 4311 674 4393 ἐπὶ
730 4310 794 4364 τὸ
852 4311 1271 4385 εὐτελέστερονς
1300 4318 1402 4370 οὐκ
1448 4313 1593 4383 εἷπε,
1622 4321 1723 4383 Δός
1771 4339 1860 4393 μοι

264 4395 453 4464 ἄρτον,
490 4392 625 4448 ἀλλά
660 4393 760 4457 Δός
790 4411 879 4464 μοι
908 4393 1070 4466 ὕδωρ.
1112 4396 1336 4468 Πρῶτον
1366 4400 1510 4473 ῦδωρ
1542 4403 1715 4473 ζητεῖ,
1743 4392 1862 4458 στο-

265 4475 588 4547 χαζόμενος,
636 4477 719 4529 ὅτι
758 4478 825 4532 ἂν
879 4478 1161 4552 εὐπορήσῃ
1220 4481 1450 4548 ὓδατος,
1487 4485 1711 4541 δύναται
1765 4490 1861 4542 καὶ

267 4562 439 4632 ἀρτου
494 4561 817 4634 εὐπορῆσαι.
872 4564 984 4630 Δός
1032 4582 1158 4635 μοι,
1205 4570 1374 4638 φησί,
1400 4570 1623 4640 μικρὸν
1661 4572 1854 4641 ὕδωρ·

279 4643 621 4699 Ἀπελθοῦσα
642 4644 699 4697 δέ
730 4647 763 4717 ή
806 4646 950 4717 χήρα
979 4648 1213 4720 ήνεγκεν
1240 4652 1412 4726 αὐτῷ,
1446 4655 1542 4708 καὶ
1570 4655 1692 4709 ἔπιε
1721 4674 1734 4687 ·
1767 4658 1862 4712 καὶ

266 4726 412 4779 οῦτω
438 4726 720 4797 θαρσήσας
754 4728 917 4797 φησί’
955 4731 1139 4800 Λήψῃ
1158 4732 1233 4800 δή
1258 4752 1360 4802 μοι
1389 4736 1488 4790 καί
1523 4739 1737 4807 ψωμὸν
1760 4740 1864 4807 ἀρ..

267 4828 400 4872 του,
435 4812 533 4865 καὶ
564 4812 856 4882 φάγομαι..
885 4814 950 4867 Ἡ
994 4815 1053 4868 δέ
1086 4812 1206 4870 εἷπε
1241 4819 1381 4889 1:90;
1415 4821 1601 4874 αὐτόν·
1629 4821 1720 4891 Ζῇ
1746 4826 1863 4878 Κύ-

264 4911 415 4963 ριος,
461 4897 515 4948 εί
560 4896 689 4950 ἔστι
734 4915 837 4965 μοι
856 4899 1205 4969 ’ἐγκρυφίας
1226 4902 1273 4963 ι’,
1296 4905 1435 4958 ἀλλ’
1460 4905 1498 4972 ἢ
1538 4906 1690 4961 ὅσον
1711 4908 1862 4976 ὃρὰε

266 4980 532 5046 ἀλεύρου
575 4980 645 5033 ἐν
678 4980 753 5049 τῇ
785 4980 981 5050 ὑδρίᾳ,
1018 4985 1116 5037 καὶ
1163 4987 1373 5055 ὀλίγον
1422 4987 1635 5043 ἔλαιον
1663 4978 1735 5044 ἐν
1782 4994 1863 5059 τῷ

267 5063 579 5132 καμψάκῃ,
615 5064 647 5118 δ
680 5064 1017 5135 ποιήσομεν
1049 5069 1145 5121 καὶ
1186 5070 1492 5140 φαγόμεθα
1523 5073 1639 5143 ἐγώ
1673 5092 1736 5128 τε
1764 5078 1863 5131 καί

267 5146 345 5200 τὰ
361 5147 581 5227 Ιπαιδία
593 5148 846 5217 μου,καί
872 5152 1348 5223 ἀποθανούμεθα.
1374 5156 1439 5207 Τί
1468 5154 1562 5211 οὖν
1583 5161 1611 5211 ὁ
1632 5160 1820 5223 Ἠλίας
1845 5178 1860 5227 ;

274 5206 547 5294 Ἅέελθε,
577 5206 733 5303 φησὶ,
768 5233 865 5287 καί
895 5235 1159 5301 ποίησόν
1178 5206 1290 5305 tuo:
1318 5206 1861 5308 éj‘kpll'épvlt;1:;;;;:

268 5314 480 5384 μόνας,
515 5314 611 5367 καί
632 5314 819 5385 φάγω,
846 5316 943 5370 καὶ
975 5318 1128 5371 οὕτω
1152 5319 1444 5387 ποιήσεις
1466 5321 1593 5389 τοῖς
1628 5325 1863 5392 τέκνοις

269 5413 410 5465 σου,
434 5397 527 5451 καί
552 5399 861 5469 φάγονται.
904 5401 968 5453 Τί
998 5404 1194 5468 ποιεῖς,
1244 5403 1397 5457 Ἠλία
1437 5422 1451 5471 ;
1487 5405 1664 5475 ἔστω,
1696 5409 1862 5480 ἄρτον

269 5668 363 5781 ΕΙ·
391 5667 474 5717 Sic
503 5668 652 5719 Savil.
679 5670 851 5719 Mori-7.
869 5678 921 5720 οἰ
945 5672 1113 5723 Μοιιιί.
1135 5677 1337 5738 πεἻαγος
1362 5677 1475 5727 διεδ.
1504 5678 1650 5729 αὐτοῦ
1674 5681 1859 5746 ἀρετῆς.

335 5742 409 5777 σιτ.

334 5742 539 5842 ἰτέαι-11.
570 5797 748 5845 omini!
779 5796 1041 5861 ἐγκρυφίας.

1421 371 1489 427 ΙΝ
1517 372 1615 427 SS.
1661 368 1956 427 PETRUM
1998 368 2087 423 ET
2128 368 2415 425 HELIAM.
3460 374 3566 430 732

1976 482 2177 550 θέλεις,
2206 484 2260 536 τί
2299 484 2393 537 καὶ
2424 484 2742 555 καταμόνας
2766 484 2861 539 καὶ
2895 484 2955 540 ἐν
2984 482 3224 557 πρώτοις
3254 481 3471 555 ζητεῖςς
3509 486 3571 539 εὖ

1976 568 2086 638 γάρ
2105 566 2344 635 ὀφείλεις
2366 566 2781 638 εὐχαριστῆσαι,
2818 567 2905 621 ἵνα
2939 569 3079 638 μετά
3102 567 3213 621 τῶν
3240 567 3446 621 τέκνων
3468 570 3573 636 φά-

1974 664 2114 722 γῃςς
2145 650 2211 703 σὺ
2270 648 2448 714 θέλεις
2506 653 2701 720 φαγεῖν
2755 651 2935 722 μόνος,
2967 650 3064 704 καὶ
3110 649 3258 721 λιμῷ
3299 650 3369 705 τά
3398 652 3571 705 τέκνα

1975 732 2160 798 πντξαι
2194 742 2216 771 ο
2240 748 2255 797 ;
2288 730 2505 804 [Πνῖξαι
2533 734 2594 787 οὐ
2626 722 2939 795 θέλω,’ἀλλ’
2966 733 3331 804 εὐεργετῆσαι
3353 733 3494 787 θέλω

1973 810 2090 869 οἶδα
2110 814 2210 887 τήν
2236 816 2501 885 ἀφθονίαν
2552 816 2647 869 τοῦ
2677 815 2816 887 ἐμοῦ
2853 817 3149 870 Δεσπότου.
3186 815 3328 870 Ἀλλ’
3356 817 3506 888 ὅμως
3535 821 3569 889 ή

1973 900 2120 970 χήρα
2150 900 2252 954 οὐκ
2288 900 2567 972 ἐταράχθη
2605 899 2632 940 δ
2663 899 2785 955 οὐδέ
2813 900 3067 972 ἐνενόησέ
3091 919 3145 957 τι
3169 900 3413 955 τοιοῦτον
3446 902 3572 954 ἀτό-

1975 997 2164 1052 πημα,
2191 980 2316 1037 οὐτε
2343 977 2491 1036 εἶπε·
2516 984 2590 1035 Σὺ
2615 978 2669 1036 εἴ
2698 983 2728 1035 ὸ
2759 982 2851 1036 τὸν
2881 982 3039 1054 λιμὸν
3077 983 3268 1037 τοῦτον
3310 985 3569 1053 ποιήσας,

1973 1064 2069 1117 καὶ
2096 1064 2155 1117 ἐν
2184 1059 2298 1129 τοῖς
2338 1064 2612 1133 λειψάνοις
2658 1064 2752 1119 τοῦ
2792 1065 2953 1136 λιμοῦ
2984 1066 3349 1139 διατραφῆναι
3397 1065 3573 1129 θέλεις

1972 1146 2107 1218 παρ’
2133 1146 2268 1217 ἐμοῦ
2296 1165 2310 1212 ;
2340 1145 2462 1200 οὐτε
2504 1144 2698 1211 εἶπεν,
2729 1149 2812 1203 ὅτι
2855 1148 3124 1202 Τοσοῦτον
3174 1150 3380 1220 κόσμον
3426 1164 3574 1219 παρ-

1971 1228 2159 1299 ῆλθες,
2192 1230 2287 1284 καὶ
2312 1230 2451 1300 πρὸς
2468 1230 2569 1301 ἐμέ
2591 1226 2757 1303 ἦλθες
2784 1230 2929 1301 λιμῷ
2952 1231 3318 1301 καταφθεῖραι
3340 1229 3412 1284 τὰ
3439 1247 3571 1283 παι-

1971 1310 2061 1365 δία
2097 1328 2234 1382 μου,
2275 1312 2439 1375 αὐοὸς
2488 1310 2664 1387 αἴτιος
2716 1312 2813 1367 τοῦ
2858 1312 3021 1384 λιμοῦ
3067 1314 3398 1385 γενόμενος;
3450 1312 3570 1367 ἀλλ’

1984 1392 2320 1464 ’Δόραμιαία
2343 1411 2428 1457 τις
2456 1395 2724 1467 γενομένη
2758 1397 2792 1469 ή
2824 1397 2966 1468 γυνὴ
2989 1395 3308 1451 εἰσελθοῦσα
3338 1397 3571 1468 ἐποίησε

1970 1475 2116 1530 κατὰ
2139 1476 2199 1529 τὺ
2217 1476 2369 1547 ρἧα
2389 1474 2486 1530 τοῦ
2521 1480 2825 1552 προφήτου,
2842 1478 2938 1533 καὶ
2950 1474 3019 1551 ἦν
3044 1480 3173 1534 ἰδεῖν
3189 1479 3285 1534 τοῦ
3316 1480 3573 1553 Ἀϐραὰμ

1974 1558 2177 1628 μᾶλλον
2204 1558 2304 1631 τήν
2327 1561 2506 1632 χήραν
2543 1560 3021 1634 φιλοξενεστέραν.
3071 1564 3310 1628 Ἐκεῖνος
3333 1564 3434 1636 μὲν
3460 1567 3572 1633 γὰρ

1971 1639 2206 1712 εὔπορος
2253 1641 2353 1706 ὣν,
2398 1643 2638 1708 ἐξένισεν
2691 1644 2998 1714 ἀγγέλους
3034 1645 3175 1717 αὐτη
3211 1646 3269 1700 δέ
3297 1649 3363 1701 ἐκ
3403 1646 3569 1719 λιμοῦ

1971 1725 2336 1796 προσδοκῶσα
2356 1726 2610 1791 θάνατον,
2644 1727 2855 1796 ἐξένισε
2886 1729 2981 1783 τὸν
3008 1732 3319 1802 προφήτην.
3364 1732 3476 1785 Καὶ
3502 1726 3572 1802 ἦν

1975 1806 2105 1860 ἰδεῖν
2137 1808 2237 1881 τήν
2295 1807 2458 1878 φύσιν
2508 1811 3069 1883 καταφρονουμένην,
3110 1814 3206 1866 καὶ
3260 1812 3570 1882 φιλοξενίαν

1970 1892 2291 1963 τιμωμένην
2310 1910 2325 1924 ο
2351 1888 2420 1965 ἦν
2456 1893 2585 1948 ἰδεῖν
2633 1894 2921 1968 σπλάγχνα
2956 1896 3281 1965 ῥιπτόμενα,
3305 1896 3403 1950 καὶ
3434 1914 3571 1968 προ-

1972 1975 2154 2045 φήτην
2189 1974 2479 2047 δεχόμενον
2507 1994 2520 2009 ο
2558 1967 2855 2050 ὁλόκληρον
2905 1978 3081 2049 δῆμον
3135 1978 3343 2032 τέκνων
3398 1967 3571 2050 τάφον

1971 2057 2271 2128 εἰργάσατο
2290 2076 2305 2089 ·
2328 2059 2456 2112 ὅσον
2470 2058 2580 2132 γὰρ
2599 2062 2680 2123 εἰς
2697 2061 3021 2133 προαίρεσιν
3046 2061 3147 2131 τῆς
3171 2063 3367 2132 χήρας,
3387 2064 3572 2115 ἐκεῖνα

1971 2139 2591 2212 τετελευτήκασιν,ὅσον
2618 2143 2676 2197 δέ
2709 2143 2797 2197 διὰ
2834 2144 2934 2215 τήν
2964 2143 3058 2198 τοῦ
3097 2144 3233 2197 Θεοῦ
3262 2143 3573 2216 φιλανθρω-

1972 2224 2125 2290 πίαν,
2160 2223 2300 2290 ἔζων
2334 2226 2428 2279 καὶ
2486 2227 2871 2297 ἐκρατύνοντο.
2918 2228 3034 2283 Οὐκ
3086 2224 3203 2283 οἰδα
3241 2228 3361 2293 πῶς
3394 2231 3573 2299 ἐγκω-

1974 2307 2157 2379 μιάσω
2205 2309 2304 2380 τὴν
2355 2310 2565 2381 χήραν’
2595 2310 2717 2375 πῶς
2768 2312 2978 2365 τέκνων
3006 2306 3418 2384 κατεφρόνησεν
3475 2314 3574 2368 καὶ

1971 2390 2275 2460 φιλοξενίαν
2306 2392 2555 2462 ἐποίησε,
2598 2392 2770 2463 πῶςή
2807 2394 2969 2463 φύσις
3025 2395 3163 2467 αὐτὴ
3203 2396 3264 2449 οὐ
3300 2396 3573 2469 κατενάρ-

1974 2492 2129 2546 κησε,
2150 2475 2270 2539 πῶς
2302 2476 2336 2547 ή
2381 2476 2565 2550 μήτρα
2586 2477 2686 2530 οὐκ
2722 2476 3017 2549 ἠλλοιώθη,
3044 2478 3163 2543 πῶς
3183 2478 3254 2533 τά
3286 2478 3573 2552 σπλάγχνα

1970 2559 2031 2612 οὐ
2070 2557 2288 2631 διελύθη
2326 2558 2595 2630 βλέποντα
2646 2560 2821 2633 δῆμον
2868 2563 3167 2635 ὁλόκληρον
3222 2564 3430 2621 τέκνων
3464 2566 3573 2619 ὐπδ

1969 2640 2131 2708 λιμοῦ
2173 2642 2439 2713 μέλλοντα
2468 2643 2813 2716 φθείρεσθαι.
2859 2646 3015 2700 xm"
3044 2647 3307 2720 ἀνωτέρω
3358 2649 3580 2702 πάντων

1971 2725 2210 2795 ἐγένετο,
2243 2726 2340 2779 καὶ
2386 2726 2479 2778 τὸν
2510 2727 2798 2800 προφήτην
2829 2726 3089 2795 ἐξένισεν.
3132 2731 3219 2795 Ὠς
3246 2730 3409 2785 ἔλασε
3442 2732 3507 2803 δὴ
3541 2732 3572 2785 ό

1971 2809 2283 2881 προφήτης,
2314 2811 2409 2864 καὶ
2463 2810 2654 2881 ἔφαγε,
2687 2811 2875 2865 λοιπὸν
2907 2814 3007 2876 τὰς
3039 2813 3277 2884 ἀμοιϐὰς
3313 2814 3572 2868 ἀποδίδω-

1973 2906 2057 2944 σιν
2078 2908 2095 2926 ο
2132 2892 2356 2964 ἔσπειρε
2392 2893 2699 2962 φιλοξενίαν
2734 2896 2767 2965 ή
2796 2896 2963 2965 χήρα,
2999 2896 3094 2949 καὶ
3129 2895 3292 2958 εὐθὺς
3320 2896 3413 2949 τὸν
3442 2896 3573 2950 στά·

1970 2992 2070 3045 χυν
2118 2975 2375 3047 κομῶντα
2430 2976 2531 3046 τῆς
2586 2976 2896 3046 φιλοξενίας
2929 2977 3167 3050 ἐθέρισε.
3198 2980 3264 3032 Τί
3295 2980 3406 3050 γάρ
3437 2996 3571 3051 φησι

1970 3059 2109 3129 πρὸς
2134 3057 2305 3128 αὐτὴν
2348 3057 2569 3123 Ἦλίας;
2600 3058 2690 3128 Ζῇ
2711 3062 2948 3129 Κύριος,
2981 3065 3020 3131 ἠ
3054 3061 3230 3129 ὑδρία
3265 3062 3375 3117 τοῦ
3394 3064 3571 3118 ἀλεύ-

1962 3157 2081 3208 ρου
2099 3142 2214 3195 οὐκ
2236 3142 2531 3211 ἐκλείψει,
2560 3142 2658 3217 καί
2682 3144 2715 3197 ὀ
2742 3144 3071 3213 uulgi-dam;
3091 3145 3198 3200 τοῦ
3227 3146 3437 3200 ἐλαίου
3456 3149 3571 3206 οὐκ

1968 3224 2387 3291 ἐλαττονήσει.
2419 3224 2532 3279 Καὶ
2555 3225 2778 3294 ἐγένετο
2806 3230 2839 3296 ή
2872 3226 3022 3293 δεξιά
3045 3227 3149 3297 τῆς
3176 3228 3356 3299 χήρας
3387 3228 3570 3298 ληνδς,

1970 3307 2067 3360 καὶ
2099 3310 2134 3378 ή
2165 3306 2433 3379 ἀριστερά
2471 3308 2615 3363 ἀλων
2635 3348 2650 3373 ,
2683 3310 2777 3364 καὶ
2809 3308 3105 3381 δράγματα
3132 3312 3192 3364 ἐν
3238 3313 3456 3385 ἀνάγκη
3479 3314 3574 3366 τὸν

1970 3390 2184 3461 καρπὸν
2220 3391 2552 3462 παρέχοντα,
2580 3392 2677 3445 καὶ
2709 3392 2798 3446 διὰ
2826 3392 2922 3447 τοῦ
2953 3393 3115 3462 λόγου
3158 3394 3254 3448 τοῦ
3284 3397 3571 3467 προφήτου

1966 3472 2068 3545 τὴν
2101 3475 2280 3545 χήραν
2323 3474 2704 3546 διατρέφοντα.
2746 3474 2922 3546 Ληνδς
2959 3477 3053 3530 καὶ
3109 3476 3255 3531 ἀλων
3288 3479 3506 3547 ἐγένετο
3537 3481 3572 3551 ή

1967 3557 2117 3610 οἰκία
2148 3558 2250 3629 τῆς
2279 3558 2487 3631 χήρας·
2519 3559 2582 3611 οὐ
2612 3557 2815 3631 βροχὴ,
2842 3560 2942 3630 οὐχ
2990 3560 3169 3624 ὑετὸς,
3186 3561 3307 3615 Ὅύκ
3351 3560 3473 3633 ἐαρ,
3508 3563 3570 3615 οὐ

1970 3638 2151 3711 θέρος,
2197 3639 2259 3693 οὐ
2295 3640 2522 3711 καῦμα,
2554 3641 2657 3695 οὐκ
2696 3643 2917 3713 ἀνέμων
2962 3643 3221 3712 ἀνάγκαι,
3246 3645 3310 3697 οὐ
3361 3644 3572 3716 καιρῶν

1968 3722 2205 3792 ἀλλαγαὶ
2230 3730 2278 3789 ε,
2301 3721 2438 3776 ἀλλά
2462 3722 2625 3793 μόνον
2647 3719 2732 3790 εἷς
2772 3726 2931 3795 λόγος
2959 3726 3260 3798 προελθὼν,
3280 3728 3376 3783 καὶ
3407 3730 3573 3794 αὐτὸς

1968 3806 2079 3860 ἀπὸ
2108 3808 2213 3878 τῆς
2243 3808 2453 3872 οἰκείας
2502 3809 2733 3881 γνώμης
2779 3809 3085 3881 ἐξενεχθεὶς
3120 3818 3168 3877 f,
3206 3816 3438 3884 χορηγεῖ
3473 3813 3572 3886 τὴν

1968 3888 2234 3958 ἀφθονίαν
2275 3894 2346 3962 τῇ
2401 3892 2571 3964 χήρᾳ.
2616 3889 2751 3947 Εἶτα
2783 3893 3018 3958 ἐκεῖθεν,
3054 3894 3141 3948 ἵνα
3197 3896 3447 3967 συντέμω
3478 3898 3573 3951 τὸν

1968 3974 2148 4042 λόγον,
2180 3973 2332 4048 [737]
2361 3976 2569 4045 ἀπῆλθε
2592 3976 2733 4047 πρὸς
2774 3977 2983 4047 Ἀχαάδ
3014 3976 3106 4032 τὸν
3137 3978 3382 4049 βασιλέα.
3410 3982 3574 4051 Λέγω
3674 4014 3687 4035 .

1969 4064 2065 4117 νῦν
2094 4063 2261 4117 αὐτοῦ
2283 4062 2354 4117 τά
2380 4064 2803 4137 κατορθώματα,
2824 4065 2913 4118 ἴνα
2936 4065 3030 4120 ἐὰν
3052 4066 3170 4139 ῐδης
3199 4067 3363 4122 αὐτὸν
3391 4069 3572 4139 ἀμαρ-

1968 4147 2246 4217 τήσαντα,
2278 4146 2457 4220 μάθῃς
2485 4149 2586 4219 τὴν
2620 4147 2716 4201 τοῦ
2747 4146 2885 4201 Θεοῦ
2916 4149 3080 4220 χάριν
3124 4150 3357 4221 ἔχουσαν
3379 4154 3573 4221 φιλαν-

1971 4227 2242 4300 θρωπίαν.
2274 4228 2340 4281 Τί
2368 4225 2462 4283 οὖν
2498 4229 2636 4301 πρὸς
2671 4231 2834 4284 αὑτὸν
2862 4232 2891 4283 δ
2927 4231 3132 4302 Ἀχαάὄ
3154 4250 3168 4298 ;
3190 4234 3275 4289 Σὺ
3298 4231 3356 4289 εἷ
3379 4239 3412 4290 ό
3439 4236 3571 4291 δια-

1970 4310 2249 4380 στρέφων
2283 4311 2392 4365 τόν
2433 4311 2706 4379 Ἰσραή.ι;
2744 4312 2804 4366 Ὀ
2859 4313 2918 4367 δέ
2949 4314 3086 4384 πρὸς
3134 4316 3299 4371 αὐτόν
3324 4334 3340 4350 ·
3378 4319 3524 4387 Οὐχί
3551 4358 3569 4381 ,

1969 4392 2133 4447 ἀλλά
2166 4394 2249 4448 σὺ
2286 4395 2382 4447 καί
2414 4398 2450 4448 ὁ
2478 4392 2643 4461 οἶκος
2680 4395 2787 4450 τοῦ
2824 4398 3051 4471 πατρός
3087 4414 3227 4453 σου.
3254 4396 3409 4464 Εἶδες
3435 4402 3574 4473 παῤ-

1972 4476 2169 4545 ρησίαν
2203 4478 2521 4549 προφήτου,
2552 4479 2672 4543 πῶς
2712 4479 2805 4533 τὸν
2851 4474 3077 4549 βασιλέα
3128 4482 3390 4554 ήλεγξεν;
3435 4479 3573 4539 Εἶτα

1969 4559 2059 4611 ὅτε
2088 4562 2146 4613 ἐν
2182 4560 2263 4631 τῷ
2282 4560 2399 4632 δρει
2432 4562 2743 4637 ἐκαθέζετο,
2775 4566 2871 4619 καὶ
2902 4560 3034 4635 ἦλθε
3080 4566 3217 4637 πρὸς
3249 4568 3413 4624 αὐτὸν
3442 4586 3575 4625 πενο

1970 4644 2341 4714 τηκόνταρχος
2367 4644 2543 4713 λέγων
2561 4659 2576 4675 ο
2596 4636 2909 4716 ’Ἄνθρωπε
2933 4646 3042 4702 τοῦ
3073 4636 3243 4714 Θεοῦ,
3260 4652 3570 4720 κατάϐηθι,

1971 4730 2003 4780 ό
2035 4726 2340 4793 ,βασιλεύς
2377 4743 2452 4781 σε
2508 4729 2722 4783 καλά’
2756 4733 2784 4785 ὁ
2818 4730 2873 4785 δὲ
2928 4731 3065 4803 πρὸς
3123 4733 3289 4788 αὐτόν
3315 4752 3329 4765 ο
3361 4737 3475 4789 Καὶ
3518 4740 3570 4790 εἰ

1968 4810 2085 4882 ἐγὼ
2108 4810 2422 4878 ἄνθρωπος
2461 4812 2568 4866 τοῦ
2618 4814 2799 4880 Θεοῦ,
2838 4816 3151 4884 κατασήτω
3184 4819 3304 4887 πῦρ
3343 4820 3413 4873 ἐκ
3460 4819 3572 4874 τοῦ

1970 4895 2256 4964 οὐρανοῦ,
2288 4896 2388 4949 καὶ
2409 4898 2797 4967 καταφαγέτω
2814 4914 2889 4953 σε
2904 4900 3005 4953 καί
3026 4902 3167 4968 τοὺς
3192 4903 3573 4969 πεντήκοντά

1971 4994 2108 5033 σου.
2140 4974 2274 5031 Εἶτα
2311 4979 2376 5032 ἐκ
2404 4979 2660 5053 δευτέρου
2687 4982 2847 5044 ἀλλος
2875 4985 3349 5057 πεντηκόνταρχος
3379 5005 3568 5058 φησιν’

1976 5064 2276 5128 Ἄνθρωπε
2305 5060 2409 5117 τοῦ
2437 5064 2609 5126 Θεοῦ,
2640 5064 2948 5133 κατάϐηθι,
2983 5070 3016 5119 ό
3039 5069 3339 5135 ,βασιλεὺς
3362 5072 3573 5140 χρείαν

1972 5162 2091 5200 σου
2113 5146 2260 5214 ἔχει.
2290 5146 2398 5199 Καὶ
2430 5147 2483 5198 τί
2518 5146 2657 5218 πρὸς
2701 5148 2865 5201 αὐτὸν
2893 5149 2922 5201 ὁ
2966 5150 3184 5215 Ἠλίας
3220 5155 3331 5206 Καὶ
3367 5157 3419 5207 εἰ
3456 5154 3574 5223 ἐγὼ

1972 5228 2285 5297 ἄνθρωπος
2306 5229 2412 5283 τοῦ
2444 5230 2615 5294 Θεοῦ,
2639 5231 2950 5298 καταϐήτω
2979 5233 3100 5302 πῦρ
3130 5236 3199 5289 ἐκ
3234 5237 3340 5290 τοῦ
3388 5241 3571 5306 069a-

1970 5311 2123 5378 νοῦ,
2155 5313 2255 5365 καί
2292 5313 2682 5383 καταφαγέτω
2729 5329 2803 5367 σε
2851 5314 2951 5368 καὶ
3002 5317 3143 5383 τοὺς
3194 5319 3573 5385 πεντήκοντά

1972 5421 2111 5459 σου.
2158 5400 2287 5457 Εἶτα
2310 5404 2471 5459 πάλιν
2492 5406 2581 5459 ὅτε
2610 5400 2773 5477 ἦλθεν
2830 5409 2911 5472 εἰς
2942 5409 3218 5483 συμϐολὴν
3250 5412 3349 5482 τῆς
3398 5411 3566 5483 εὐχῆς

2038 5560 2061 5588 ε
2088 5556 2237 5606 Savil.
2261 5559 2342 5606 καὶ
2363 5559 2512 5618 δῆμον
2539 5560 2716 5607 τέκνων
2734 5577 2811 5609 πν.

2036 5618 2063 5657 d
2089 5620 2172 5667 Sic
2192 5632 2307 5681 mss.
2338 5620 2512 5681 Morel.
2529 5634 2649 5668 vero
2673 5622 2761 5669 οῦκ
2784 5624 3090 5681 ἀποθνήσκει.

2038 5682 2059 5747 ξ
2088 5680 2235 5747 Emi}.
2268 5681 2322 5747 οὐ
2347 5680 2530 5742 καῦμα,
2561 5682 2787 5747 οῦμνὸμου
2809 5680 2989 5747 καιρών
3008 5686 3209 5747 ἀνάγκη.

2040 5739 2169 5812 (εἰσ
2191 5743 2343 5789 Savil.
2386 5739 2540 5791 τέλειε.
2590 5739 2726 5793 limis
2770 5739 3193 5810 ωςε.’ἐπενεχθὶίς,
3221 5746 3395 5799 110ml.
3446 5750 3576 5812 έλεγ-

1974 5804 2098 5860 me;
2120 5814 2399 5865 perpetua).
