4084 6426
233 393 346 448 733

234 506 360 561 illos
385 501 612 559 infames
643 497 822 555 Baalis
845 538 862 564 ,
888 494 1074 552 dicens
1098 534 1113 557 ,
1146 493 1433 547 Precemur
1458 507 1470 542 :
1500 485 1834 556 addiditque,

236 595 422 652 Facite
462 593 600 650 vobis
643 591 807 645 altare
857 603 1106 650 seorsum,
1163 593 1210 637 et
1256 582 1423 651 eligite
1471 581 1600 633 duos
1655 577 1837 641 bores,

234 698 290 745 et
316 687 560 760 imponite
587 684 726 756 tigna
750 680 818 734 ad
841 695 995 734 unum
1021 679 1214 740 bovem,
1257 684 1306 728 et
1331 673 1498 745 ignem
1531 687 1632 724 non
1669 671 1841 740 impo-

237 780 347 834 nite
366 759 466 846 ξω
488 791 582 847 ego
627 774 854 844 idipsum
902 772 1137 843 faciant:
1183 775 1232 820 et
1275 767 1502 818 invocate
1541 764 1596 816 in
1641 759 1846 814 nomine

235 873 454 926 deorum
479 877 778 929 uestrorum,
796 875 842 918 et
862 879 954 934 ego
978 863 1031 915 in
1053 859 1256 913 nomine
1274 855 1370 910 Dei
1395 855 1513 908 mei.
1527 851 1597 906 Et
1622 851 1736 917 erit,
1755 850 1844 921 qui

236 960 381 1017 Deus
393 958 672 1015 mudierit
687 957 740 1011 in
753 957 886 1026 igne,
903 953 984 1006 hic
1003 950 1137 1004 Deus
1149 965 1292 1003 verus
1309 949 1386 1016 (3.
1403 941 1840 1016 Reg.18.23.24).

233 1052 375 1109 Tum
408 1051 650 1109 fecerunt
679 1044 988 1102 sacerdotes
1020 1041 1243 1096 infames
1265 1041 1456 1103 altare,
1482 1044 1536 1092 et
1560 1039 1846 1114 cmperunt

234 1144 493 1200 invocare
520 1139 646 1196 Baal
670 1139 930 1200 dicentes,
955 1133 1162 1190 Exaudi
1199 1147 1311 1196 nos,
1339 1129 1491 1192 Baat,
1517 1125 1702 1181 exaudi
1750 1141 1844 1179 nos

236 1233 408 1305 (Ibid.
435 1250 486 1289 υ.
512 1226 627 1302 26).
655 1227 790 1286 Cum
833 1236 1012 1283 autem
1066 1232 1187 1295 post
1234 1221 1430 1275 multas
1473 1230 1662 1289 preces
1681 1230 1843 1271 nemo

237 1335 386 1384 esset
427 1325 516 1397 qui
555 1322 836 1380 exaudiret
863 1318 1014 1388 (Non
1041 1318 1183 1373 enim
1208 1325 1316 1370 erat
1355 1329 1472 1380 vox,
1501 1326 1662 1384 neque
1690 1310 1844 1364 audi-

239 1419 363 1491 tio),
395 1415 746 1487 exspectabat
772 1412 954 1468 Helias
993 1423 1113 1464 cum
1167 1407 1418 1478 patientia
1466 1405 1571 1458 illis
1611 1417 1843 1474 precan-

240 1513 385 1569 tibus
413 1527 427 1566 :
457 1526 578 1567 cum
607 1518 788 1564 autem
829 1504 1034 1560 videret
1061 1503 1284 1557 multum
1314 1513 1434 1555 esse
1465 1498 1673 1552 illorum
1729 1505 1842 1550 stu-

237 1602 412 1670 dium,
443 1600 538 1655 sed
591 1598 860 1653 neminem
902 1594 994 1665 qui
1038 1591 1355 1654 exaudiret,
1385 1588 1571 1642 in-idet
1599 1589 1719 1642 illos
1760 1586 1842 1641 his

235 1692 419 1748 verbis
451 1709 466 1746 ς
495 1688 723 1752 Ciantute
755 1685 1006 1751 multum,
1041 1700 1102 1736 ne
1126 1687 1256 1753 forte
1281 1679 1500 1733 dormiat
1535 1677 1661 1732 deus
1685 1688 1845 1732 vester

239 1783 403 1857 (Ibid.
428 1770 621 1853 v.27).
653 1779 844 1835 Postea
882 1793 1002 1832 cum
1045 1772 1296 1828 meridies
1326 1779 1503 1836 esset,
1541 1779 1594 1824 et
1632 1779 1845 1838 tempus

238 1879 591 1949 procederet,
619 1872 753 1928 dixit
802 1872 906 1927 illis
935 1910 952 1937 ,
987 1868 1241 1922 Discedite
1285 1860 1425 1920 nunc’
1442 1906 1456 1928 ,
1486 1871 1542 1916 ut
1567 1862 1755 1932 faciam
1797 1871 1844 1914 et

237 1985 332 2040 ego
372 1969 724 2021 holocaustum
769 1978 938 2018 meum
964 1959 1125 2030 (Ibid.
1157 1975 1206 2012 υ.
1235 1957 1326 2027 ’50)
1361 1974 1372 2009 :
1402 1964 1457 2011 et
1499 1953 1625 2011 fecit
1652 1953 1842 2020 altare,

238 2070 296 2114 et
322 2060 575 2129 imposuit
609 2058 772 2124 ligna,
803 2062 858 2108 et
893 2053 1025 2106 dixit
1057 2069 1071 2105 :
1112 2048 1264 2104 Ferte
1299 2063 1485 2117 aquam
1527 2047 1583 2099 in
1629 2045 1845 2099 circuitu

238 2151 421 2205 altaris
441 2191 455 2214 ,
486 2158 530 2203 et
566 2149 787 2202 tulerunt
816 2162 834 2201 :
867 2143 1157 2212 Duplicate,
1182 2151 1229 2196 et
1276 2141 1664 2210 duplicarerunt
1687 2152 1706 2200 ,'
1732 2135 1848 2189 Tri-

241 2244 446 2312 plicttte,
473 2252 519 2294 et
548 2239 925 2310 triplicaverunt
953 2233 1000 2305 (1
1011 2233 1114 2288 bitt.
1144 2249 1191 2285 υ.
1216 2230 1308 2302 54)
1332 2229 1430 2302 (α).
1460 2227 1844 2283 Animadverte

236 2349 407 2407 quare
436 2333 488 2387 id
519 2332 679 2386 faciat
711 2328 909 2384 llclias.
937 2325 1202 2393 Quoniam
1234 2323 1436 2378 erroris
1463 2333 1582 2374 mos
1606 2328 1689 2373 est
1706 2318 1846 2372 veri-

241 2426 336 2479 tati
368 2424 579 2493 propria
607 2421 920 2494 adjungere,
953 2415 1095 2488 quod
1145 2413 1351 2469 faciunt
1387 2421 1442 2467 et
1493 2410 1840 2473 meretrices,

237 2532 360 2588 quae
392 2523 851 2586 praeoccupantes,
885 2510 1081 2565 liberas
1120 2507 1373 2562 mulieres
1402 2503 1714 2558 meretrices
1751 2516 1847 2556 vo—

238 2619 388 2675 cant,
419 2617 475 2664 ut
501 2622 604 2661 non
633 2607 864 2662 habeant
892 2603 996 2658 ilhc
1016 2601 1142 2672 quid
1174 2597 1398 2654 convicii
1426 2596 1710 2666 objiciant.

312 2703 367 2757 4.
415 2699 581 2754 Fraus
605 2696 821 2767 insignis
854 2695 1176 2748 sacerdotum
1203 2689 1574 2761 gentilium.—
1594 2688 1844 2741 Attamen

239 2793 426 2849 Helias
465 2792 549 2845 hic
578 2784 839 2858 sapientia
874 2785 1042 2839 tttitur
1071 2781 1312 2854 :quare?
1347 2781 1401 2835 id
1431 2779 1572 2850 quod
1604 2779 1848 2833 dicturus

239 2900 360 2942 sum
381 2884 516 2939 meis
543 2883 655 2952 ipse
681 2879 853 2936 oculis
886 2876 1161 2946 conspexi.
1195 2874 1250 2928 ln
1282 2873 1548 2928 idolorum
1587 2869 1848 2924 altaribus

225 2977 501 3032 'foramina
541 2971 787 3045 quasdam
826 2977 950 3025 sunt
992 2970 1046 3023 in
1089 2965 1345 3022 inferiore
1373 2964 1557 3018 altaris
1586 2968 1848 3037 parte,et

238 3069 380 3127 infra
403 3067 576 3140 posita
595 3074 678 3122 est
692 3061 937 3134 quaedam
966 3057 1119 3116 fovea
1144 3056 1353 3113 occulta
1374 3072 1388 3110 :
1407 3053 1848 3122 descenduntque

237 3163 441 3219 erroris
486 3159 722 3214 artiﬁces
770 3157 824 3212 in
881 3153 1122 3218 foveam,
1161 3159 1217 3206 et
1255 3149 1333 3206 sic
1376 3164 1440 3204 ex
1495 3144 1847 3202 foraminibus

240 3252 498 3309 deorsum
531 3252 708 3322 ignem
731 3245 1020 3304 exsulﬁant
1046 3257 1261 3298 sursum
1280 3239 1347 3296 ad
1365 3237 1687 3294 sacriﬁcium
1712 3251 1846 3291 con-

245 3347 554 3410 ficiendum,
584 3345 656 3398 ita
678 3350 737 3396 ut
753 3339 905 3395 multi
926 3337 1262 3406 decipiantur
1280 3342 1336 3390 et
1361 3341 1546 3403 putent
1574 3330 1845 3386 caelestem

240 3453 364 3497 esse
394 3439 588 3507 ignem.
622 3433 700 3490 Ne
726 3432 888 3503 igitur
924 3429 1099 3483 Helias
1128 3428 1183 3481 in
1207 3424 1567 3497 suSpicionem
1606 3421 1840 3486 veniret,

241 3532 385 3604 quod
407 3543 462 3586 et
484 3532 596 3600 ipse
625 3526 801 3583 simile
819 3523 1088 3595 quidpiam
1107 3519 1444 3576 machinatus
1459 3525 1624 3584 esset,
1652 3529 1844 3586 aquam

239 3623 449 3690 effudit,
479 3630 538 3675 ut
566 3620 772 3674 foveam
804 3632 910 3671 non
950 3628 1072 3671 esse
1099 3628 1237 3684 aqua
1257 3612 1688 3666 demonstraret:
1721 3620 1845 3660 nam

240 3716 330 3771 ubi
353 3729 489 3785 aqua
517 3713 723 3767 foveam
752 3707 976 3780 reperit,
994 3720 1105 3762 non
1126 3703 1392 3768 consistit,
1423 3700 1516 3757 sed
1537 3699 1844 3755 descendit.

244 3808 492 3881 Implevit
544 3807 706 3876 igitur
754 3805 961 3867 altare,
1006 3808 1062 3855 et
1092 3805 1339 3870 precatus
1376 3805 1458 3852 est
1491 3796 1574 3849 his
1619 3794 1841 3849 verbis:

239 3902 451 3958 Exaudi
488 3917 600 3965 me,
637 3897 892 3962 Domine,
935 3895 987 3948 in
1034 3895 1151 3965 igne
1188 3890 1648 3946 hodie:ea:audisti
1687 3905 1766 3942 me
1793 3891 1846 3942 in

238 4009 394 4063 aqua,
423 3991 607 4046 exaudi
640 4006 720 4044 me
758 3999 804 4042 et
840 3988 895 4040 in
932 3985 1048 4057 igne
1079 3985 1156 4054 (5.
1196 3981 1321 4052 Reg.
1347 3981 1434 4036 i8.
1460 3980 1575 4049 57).
1611 3979 1679 4034 Et
1721 3994 1847 4034 cccc

239 4086 360 4154 ipso
395 4085 677 4138 invocante
716 4077 1000 4134 confestim
1033 4076 1171 4146 ignis
1197 4072 1472 4134 descendit
1501 4073 1569 4127 de
1599 4071 1762 4135 czelo,
1794 4080 1848 4125 et

237 4176 576 4245 consumpsit
591 4172 910 4229 sacriﬁcium
930 4177 984 4224 ct
1006 4168 1231 4238 lapides,
1245 4158 1500 4237 etaquam
1521 4164 1846 4236 linxitiguis.

240 4268 382 4336 Quid
417 4277 596 4322 autem
632 4265 707 4320 ait
736 4262 974 4334 pOpulo?
1003 4258 1424 4330 Comprehendite
1452 4257 1734 4312 sacerdotes
1763 4257 1848 4309 in-

240 4366 424 4431 fames,
456 4371 620 4413 nemo
637 4364 880 4412 servetur
900 4369 965 4409 ex
994 4353 1097 4407 illis
1123 4371 1135 4406 :
1167 4360 1217 4406 et
1249 4348 1775 4420 comprehenderunt
1795 4357 1848 4402 et

239 4453 560 4511 ceciderunt
586 4468 702 4518 eos,
734 4451 1151 4522 quadringentos
1182 4456 1235 4501 et
1264 4445 1640 4515 quinquaginta
1669 4458 1849 4498 sacer-

239 4548 400 4602 dotes
425 4545 585 4608 Baal,
620 4555 669 4598 et
704 4542 1121 4613 quadringentos
1149 4538 1461 4593 sacerdotes
1487 4537 1844 4591 excelsorum.

241 4638 462 4693 Audivit
490 4637 707 4692 Iezabel
752 4650 886 4689 uxor
926 4633 1108 4688 Achab
1129 4647 1189 4686 ea
1212 4648 1332 4701 qua:
1362 4631 1496 4684 facta
1526 4630 1736 4684 fuerant
1755 4669 1769 4690 ,
1795 4635 1850 4683 et

240 4730 392 4784 misit
419 4729 484 4783 ad
516 4728 719 4782 Heliam
752 4726 934 4781 dicens
967 4743 980 4779 :
1015 4723 1141 4779 ch
1170 4725 1362 4794 faciant
1388 4723 1511 4775 mihi
1539 4721 1635 4788 dii,
1665 4730 1710 4774 et
1741 4720 1849 4774 hcet:

239 4827 440 4877 addant
462 4864 477 4887 ,
515 4821 612 4875 nisi
641 4836 754 4874 cras
796 4835 981 4888 ponam
1008 4818 1245 4882 animum
1277 4825 1414 4868 tuam
1456 4815 1584 4868 sicut
1625 4813 1850 4866 animum

241 4919 397 4971 unius
424 4932 594 4969 eorum
617 4915 694 4984 (5.
720 4912 846 4985 Reg.
875 4913 957 4968 i9.
980 4911 1066 4982 2.)
1093 4927 1105 4963 :
1132 4910 1217 4965 his
1247 4907 1462 4970 auditis.
1493 4907 1673 4962 Helias
1693 4904 1846 4974 fugit.

244 5009 475 5065 Ubinam
514 5015 596 5061 est
636 5004 817 5060 Helias
860 5004 948 5058 ille
993 5002 1111 5056 talis
1149 4997 1470 5079 tantusque?
1498 4999 1549 5050 in
1571 4997 1851 5068 proposito

243 5100 392 5156 enim
421 5097 551 5152 mihi
573 5106 658 5153 est
682 5095 988 5158 ostendere,
1015 5093 1164 5146 illum
1183 5093 1234 5146 in
1259 5098 1537 5161 peccatum
1559 5087 1847 5142 incidisse:

243 5203 531 5264 peccatum
558 5190 700 5254 dico,
729 5203 842 5243 non
869 5199 1130 5242 accusans
1152 5185 1378 5254 justum,
1408 5181 1505 5237 sed
1531 5180 1716 5234 salutis
1735 5195 1844 5234 ma-

243 5283 436 5338 teriam
466 5294 762 5350 procurans
780 5319 795 5346 ,
825 5286 884 5332 ut
911 5292 1032 5333 cum
1062 5284 1277 5331 sanctos
1306 5274 1428 5328 illos
1457 5279 1742 5342 peccantes
1769 5271 1851 5324 vi-

244 5372 432 5440 deris,
464 5380 519 5425 et
554 5371 622 5425 de
654 5384 750 5424 sua
782 5367 956 5423 salute
985 5383 1090 5421 non
1117 5366 1500 5436 desperantes,
1529 5362 1623 5419 sed
1658 5362 1854 5417 divina:

244 5461 590 5533 benignitatis
619 5470 896 5532 compotes
942 5459 1111 5514 factos
1136 5499 1152 5528 ,
1184 5468 1239 5512 tu
1269 5456 1478 5513 etiamsi
1509 5469 1734 5526 pecces,
1770 5469 1858 5509 sa-

247 5557 414 5611 lutem
457 5551 742 5608 admodum
787 5565 996 5621 speres.
1026 5549 1158 5604 Cum
1188 5548 1412 5604 dixisset
1438 5547 1656 5603 Jezabel
1679 5587 1694 5610 ,
1726 5544 1853 5599 Htec

247 5648 445 5720 faciant
485 5646 610 5700 mihi
637 5646 740 5712 dii,
776 5655 822 5699 et
851 5646 957 5698 lucc
981 5643 1208 5709 addant,
1251 5641 1351 5696 nisi
1380 5647 1496 5695 cras
1523 5653 1713 5708 ponam
1743 5638 1856 5690 ani-

241 5781 748 5900 mumqu
769 5782 977 5833 deerant
1000 5783 1048 5831 in
1074 5781 1258 5842 »ιω-ειη
1283 5791 1394 5844 quae
1421 5793 1486 5830 ex
1500 5784 1608 5828 Mss.
1637 5784 1691 5829 et
1708 5775 1850 5830 savii.

1415 376 1481 433 IN
1521 375 1618 433 SS.
1662 369 1949 431 PETBUII
1990 369 2080 429 ET
2121 372 2407 431 HELIAM.

3449 379 3558 437 75$

1953 503 2090 541 mam
2115 494 2366 554 tuam,.ut
2387 487 2613 542 animam
2637 489 2792 542 unius
2814 504 2881 543 ea:
2905 487 3030 560 ipsis
3057 489 3137 561 (5.
3159 488 3294 562 Reg.
3325 490 3410 548 £9.
3439 493 3477 549 ἓ
3499 503 3556 561 ),

1949 581 2150 636 audivit
2181 581 2394 648 Helias,
2426 589 2481 636 et
2506 581 2640 653 fugit
2665 582 2856 638 itinere
2878 575 3089 639 dierum
3115 571 3488 655 quadraginta.
3515 587 3561 642 υ

1950 671 2159 726 timoris
2206 673 2517 727 excessum!
2563 672 2806 728 mulieris
2845 689 3034 730 vocem
3070 673 3302 740 audivit,
3330 683 3394 732 .et
3428 692 3560 747 qua.

1947 763 2190 835 draginta
2213 765 2423 819 dierum
2451 765 2625 834 spatio
2651 764 2785 837 fugit
2818 784 2834 822 :
2865 780 2972 821 non
3004 781 3110 822 uno
3136 766 3224 823 die
3243 809 3259 836 ,
3283 784 3391 823 nun
3412 769 3560 826 duo-

1949 857 2079 924 bus,
2132 873 2238 912 non
2286 858 2489 925 tribus;
2519 858 2626 913 sed
2665 873 2785 915 cum
2830 859 3062 930 primum
3098 860 3340 917 mulieris
3377 877 3560 919 sermo

1948 951 2097 1006 venit
2121 951 2188 1006 ad
2218 950 2559 1021 prophetam,
2583 967 2694 1020 pra:
2732 963 2876 1008 metu
2904 955 3152 1009 nesciens
3178 954 3305 1024 quid
3333 966 3556 1027 ageret,

1948 1051 2150 1096 tantam
2177 1042 2354 1113 fugam
2383 1043 2528 1098 fecit.
2558 1043 2695 1110 Quid
2719 1046 2823 1100 hoc
2851 1055 2954 1113 est,
2986 1045 3177 1102 Helia?
3209 1059 3338 1104 tune
3361 1049 3450 1105 ille
3471 1063 3556 1116 cs,

1947 1134 2040 1204 qui
2066 1134 2258 1189 etclam
2288 1135 2527 1190 clausisti
2550 1178 2562 1200 ,
2591 1136 2819 1206 pluviam
2849 1138 3089 1203 frenasti,
3117 1140 3228 1194 aeri
3257 1139 3556 1211 imperasti,

1949 1228 2126 1296 ignem
2167 1243 2234 1283 ex
2272 1229 2382 1282 alto
2402 1230 2675 1297 evocasti,
2707 1231 3019 1287 sacerdotes
3045 1232 3382 1296 interfecisti,
3442 1235 3557 1304 rogi

1947 1318 2138 1374 Achab
2171 1319 2390 1384 dixisti,
2420 1319 2500 1375 Tu
2525 1337 2579 1375 es
2603 1322 2690 1391 qui
2719 1323 2966 1377 subvertis
2993 1321 3238 1378 lsraelem
3258 1364 3274 1390 ,
3303 1334 3350 1379 et
3375 1325 3558 1380 domus

1950 1410 2109 1478 patris
2141 1411 2216 1463 tui
2241 1410 2318 1482 (5.
2343 1410 2474 1482 Reg.
2500 1411 2588 1467 18.
2616 1414 2701 1466 i7.
2756 1423 2812 1470 et
2850 1413 2957 1486 18)
2988 1414 3003 1480 ς
3073 1415 3163 1485 qui
3183 1415 3389 1478 dixisti,
3422 1412 3560 1470 Vivit

1950 1500 2224 1568 Dominus,
2266 1503 2311 1557 si
2357 1503 2452 1557 erit
2492 1503 2698 1574 pluvia,
2751 1504 2852 1560 nisi
2900 1522 2991 1575 per
3045 1523 3102 1562 os
3158 1524 3380 1574 meum;
3464 1508 3558 1579 qui

1953 1595 2130 1650 vidutc
2173 1597 2390 1651 domum
2422 1612 2601 1656 aream
2642 1609 2699 1654 et
2737 1600 3131 1669 manipulorum
3175 1601 3385 1672 copiam
3424 1602 3560 1658 οπε-

1950 1686 2068 1740 cisti
2093 1687 2234 1762 ,[qui
2273 1688 2556 1744 elementis
2602 1689 2953 1759 imperavisti,
2986 1707 3294 1748 sermonem
3317 1695 3562 1749 meretri-

1950 1776 2030 1831 cis
2059 1778 2311 1832 audivisti
2344 1791 2397 1834 ct
2425 1777 2624 1850 fugisti,
2655 1790 2708 1834 et
2730 1797 2836 1835 una
2870 1781 3062 1837 mulier
3093 1784 3434 1852 tecaptivum
3457 1784 3558 1839 ab-

1951 1867 2143 1923 ducit?
2175 1870 2318 1924 Duas
2345 1885 2496 1926 arces
2530 1871 2849 1943 (Ecclesia!)
2879 1888 2981 1926 una
3015 1872 3174 1942 fregit
3198 1875 3511 1930 muliercula
3543 1891 3558 1928 :

1951 1959 2145 2016 Petrus
2173 1962 2405 2032 puellam
2433 1965 2638 2018 veritus
2663 1973 2766 2030 cst,
2795 1975 2849 2018 et
2869 1966 2956 2018 ille
2976 1965 3222 2030 Jezabel;
3271 1965 3323 2020 in
3369 1966 3560 2020 eadem

1950 2065 2170 2126 peccata
2210 2056 2451 2137 prolapsi
2498 2068 2643 2111 sunt.
2694 2058 2763 2111 Et
2802 2056 2932 2127 fugit
2956 2058 3135 2112 llelias
3161 2059 3299 2112 viam
3323 2058 3558 2127 quadra-

1953 2149 2095 2219 ginta
2124 2148 2354 2204 dierum.
2388 2148 2488 2205 Ubi
2519 2157 2602 2205 est
2626 2151 2771 2204 zelus
2799 2157 2940 2212 tuus,
2973 2150 3144 2216 llelia,
3173 2150 3388 2220 quando
3412 2150 3564 2206 dieeo

1952 2242 2083 2306 has,
2133 2241 2265 2296 Vivit
2299 2241 2570 2308 Dominus,
2602 2244 2647 2296 si
2672 2245 2764 2296 erit
2803 2242 2995 2312 pluvia,
3026 2242 3125 2296 nisi
3151 2259 3242 2314 per
3266 2258 3321 2296 os
3348 2259 3514 2296 meum
3535 2244 3562 2298 .’

1953 2334 2166 2405 quando
2192 2334 2380 2389 Achab
2406 2350 2584 2405 regem
2614 2335 2955 2404 vituperabas
2975 2321 3235 2403 ,Iquando
3253 2333 3430 2402 ignem
3459 2348 3555 2387 vo-

1952 2427 2086 2481 casti
2116 2426 2237 2497 (a)?
2305 2425 2472 2480 Tanta
2515 2438 2766 2494 operatus
2787 2466 2801 2492 ,
2836 2437 2889 2480 et
2917 2425 3157 2480 mulieris
3185 2426 3342 2480 unius
3375 2440 3561 2480 vocem

1953 2521 2058 2574 non
2092 2520 2294 2574 tulisti?
2330 2518 2432 2575 Ubi
2454 2528 2536 2574 est
2559 2520 2646 2574 illa
2675 2528 2763 2574 tua
2784 2519 3105 2581 constantia,
3129 2533 3251 2573 cum
3277 2519 3561 2573 Dominum

1954 2629 2147 2684 rogare
2189 2614 2406 2668 noluisti
2434 2654 2449 2679 ,
2478 2622 2537 2666 ut
2568 2612 2800 2682 pluviam
2832 2612 2986 2666 daret
3019 2622 3178 2667 terras
3197 2610 3222 2662 Ῥ
3247 2610 3391 2665 clare
3416 2609 3561 2665 enim

1953 2705 2325 2762 subindicabat
2345 2705 2460 2770 tibi,
2485 2718 2548 2759 ac
2577 2705 2621 2758 si
2649 2703 2853 2758 diceret
2877 2721 2889 2757 :
2917 2702 3062 2773 Roga
3096 2718 3192 2774 pro
3216 2702 3414 2772 pluvia,
3439 2702 3564 2758 licet

1952 2812 2052 2869 ego
2078 2798 2194 2852 sine
2222 2807 2272 2853 te
2296 2796 2426 2850 dare
2453 2796 2672 2866 possim,
2704 2794 2800 2850 sed
2826 2795 2992 2860 nolui,
3025 2803 3079 2849 ut
3107 2792 3558 2865 quemadmodum

1952 2889 2218 2944 malorum
2263 2887 2584 2943 conciliator
2622 2886 2808 2950 fuisti,
2858 2887 2932 2940 ita
2970 2895 3026 2941 et
3075 2885 3340 2941 bonorum
3371 2884 3477 2938 dux
3508 2894 3564 2939 et

1951 2989 2139 3036 auctor
2180 2979 2276 3034 sis.
2320 2978 2516 3034 Fecisti
2559 2979 2740 3044 enim,
2787 2977 2972 3042 lielia,
3017 2954 3132 3032 r\em
3175 2975 3564 3031 inhumanitate

1952 3071 2203 3142 plenam;
2237 3068 2380 3124 Deus
2406 3082 2534 3124 vero
2563 3083 2628 3124 ex
2661 3067 2970 3122 calamitate
2994 3066 3363 3123 misericordia
3387 3075 3565 3122 motus

1954 3176 2092 3233 erat,
2113 3169 2237 3239 quia
2261 3166 2500 3222 onmium
2525 3166 2638 3236 ipse
2659 3173 2872 3220 creator
2896 3173 2952 3219 et
2976 3162 3154 3235 opifex
3177 3171 3292 3229 est;
3323 3162 3566 3218 omnium

1953 3259 2154 3332 pariter
2189 3268 2406 3315 curator
2447 3264 2566 3325 est,
2611 3257 2884 3326 voluitque
2925 3254 3370 3310 inhumanitatem
3418 3261 3563 3310 tuam

1953 3352 2238 3414 emollire,
2291 3358 2348 3404 et
2389 3359 2446 3404 tu
2494 3341 2677 3403 in-illa
2724 3347 3134 3416 perseverabas.
3168 3345 3391 3400 Dicebat
3419 3345 3561 3411 tibi,

1953 3446 2086 3502 Novi
2116 3443 2475 3499 calamitatem
2506 3456 2626 3510 quas
2650 3439 2884 3504 accidit,
2934 3438 3057 3493 novi
3107 3447 3336 3493 matrum
3382 3436 3561 3502 ﬂetus,

1956 3539 2081 3593 novi
2127 3549 2416 3607 puerorum
2463 3531 2700 3586 ululatus
2730 3546 2744 3583 :
2778 3529 2933 3584 video
2963 3537 3163 3583 terram
3187 3569 3202 3592 ,
3231 3543 3390 3598 quam
3421 3527 3521 3581 feci
3548 3566 3564 3592 ,

1952 3629 2185 3685 deletam
2210 3667 2226 3695 ,
2275 3633 2334 3680 et
2377 3623 2502 3679 volo
2537 3610 2768 3692 benigne
2796 3635 2920 3676 cum
2951 3619 3037 3674 illa
3064 3633 3264 3690 agere;
3297 3616 3391 3673 sed
3436 3617 3567 3673 nolo

1953 3731 2133 3776 tamen
2165 3729 2216 3774 te
2244 3715 2445 3787 probro
2486 3713 2706 3770 afﬁcere
2729 3756 2745 3778 ,
2797 3727 2973 3781 neque
3002 3712 3119 3765 sine
3150 3719 3242 3764 tuo
3268 3716 3401 3764 nutu
3447 3709 3567 3778 plu-

1953 3815 2095 3869 viam
2142 3813 2361 3867 mittere
2384 3849 2400 3875 ,
2435 3823 2502 3863 ne
2527 3805 2795 3862 malorum
2839 3813 2896 3859 tu
2932 3818 3095 3858 causa
3145 3802 3222 3857 sis
3246 3842 3261 3867 ,
3297 3800 3565 3860 bonorum

1956 3922 2090 3963 vero
2133 3921 2239 3960 non
2281 3904 2450 3968 item;
2502 3899 2597 3956 sed
2639 3910 2689 3954 te
2715 3899 2768 3953 in
2797 3897 3005 3952 honore
3048 3894 3244 3950 habeo.
3273 3894 3317 3949 Ο
3349 3894 3563 3950 Domini

1955 4000 2340 4056 humanitatem
2409 3993 2785 4052 benevolentia
2856 4005 2984 4062 erga
3046 4004 3267 4044 servum
3335 4001 3565 4057 supera-

1954 4103 2061 4149 tam
2093 4089 2204 4162 (b)!
2237 4089 2420 4144 llelias
2451 4098 2630 4141 tamen
2675 4083 2857 4140 multa:
2883 4090 3002 4138 erat
3028 4079 3347 4149 arrogantitc
3367 4119 3382 4144 ,
3413 4077 3566 4149 quasi

1954 4183 2319 4257 impeccahilis
2354 4199 2368 4237 :
2397 4194 2542 4235 nunc
2570 4187 2748 4232 autem
2780 4177 2832 4231 in
2862 4183 3142 4246 peceatum
3176 4174 3358 4242 lapsus
3382 4183 3568 4226 osten-

1954 4295 2047 4335 sus
2079 4287 2194 4343 est,
2234 4276 2350 4331 Deo
2391 4271 2737 4343 permittente
2763 4284 2825 4323 ac
2854 4266 3175 4338 providente
3197 4307 3211 4330 ,
3247 4273 3305 4318 ut
3331 4263 3567 4318 humane

1956 4373 2168 4428 habitus
2195 4412 2208 4435 ,
2241 4383 2364 4438 erga
2410 4366 2545 4420 alios
2571 4373 2629 4419 et
2657 4364 2774 4435 ipse
2800 4378 2908 4415 non
2939 4359 3265 4414 inhmnanus
3295 4366 3461 4410 esset.
3496 4353 3567 4409 Et

1954 4468 2105 4539 fugit,
2139 4462 2332 4533 inquit,
2366 4459 2545 4514 Helias
2569 4459 2703 4511 viam
2726 4456 2925 4510 dierum
2957 4452 3299 4524 quadraginta
3326 4451 3401 4521 (ὅ.
3430 4448 3561 4520 Reg.

1956 4556 2151 4628 i9.8).
2181 4555 2408 4612 Ubinam
2440 4558 2560 4607 sunt
2590 4549 2679 4604 illa
2703 4548 2888 4613 verba,
2913 4560 3030 4616 qute
3058 4558 3178 4598 cum
3210 4541 3276 4596 ad
3302 4542 3569 4612 quinqua—

1954 4655 2202 4726 genarios
2227 4648 2470 4714 dixisset,
2505 4642 2782 4701 descendit
2813 4641 2972 4710 ignis,
2997 4646 3052 4693 et
3081 4637 3201 4693 illos
3231 4635 3564 4690 combussit?

1954 4751 2085 4804 Cum
2115 4747 2276 4817 igitur
2304 4741 2583 4802 declarare
2629 4736 2794 4791 vellet
2839 4735 2978 4788 Deus
3002 4772 3017 4797 ,
3064 4728 3280 4800 quando
3307 4727 3564 4783 miracula

1958 4844 2070 4913 ipsa
2119 4843 2350 4904 ﬁerent,
2400 4851 2506 4891 non
2533 4832 2765 4889 ~lleliam
2792 4870 2806 4892 ,
2837 4828 2939 4883 sed
2971 4827 3062 4880 Dei
3092 4828 3341 4881 virtutem
3372 4821 3458 4875 illa
3487 4819 3566 4874 fe-

1957 4937 2125 4998 cisse,
2170 4933 2293 4988 vide
2324 4929 2462 5000 .quid
2506 4924 2833 4992 faciat..Quo
2865 4930 3109 4989 tempore
3138 4918 3277 4971 Deus
3308 4915 3568 4983 operaba-

1960 5039 2045 5084 tur
2066 5069 2082 5090 ,
2125 5041 2280 5097 reges
2304 5065 2317 5088 ,
2350 5021 2620 5094 principes
2649 5026 2703 5072 et
2733 5015 2912 5084 potiuli
2943 5011 3206 5068 cadebant
3231 5026 3246 5075 ;
3278 5024 3399 5063 cum
3430 5022 3563 5060 vero

1960 5125 2100 5178 Deus
2128 5118 2407 5179 abscessit,
2439 5114 2520 5169 vel
2548 5111 2738 5166 mulier
2768 5106 3023 5163 terribilis
3047 5105 3162 5159 visa
3189 5110 3273 5158 est
3307 5120 3320 5156 :
3352 5101 3569 5155 absces-

1959 5216 2027 5271 sit
2061 5215 2198 5268 Deus
2223 5252 2237 5277 ,
2279 5219 2334 5264 et
2373 5208 2603 5261 humana
2648 5209 2838 5256 natura
2887 5202 3134 5266 superata
3176 5202 3278 5248 est.
3315 5192 3566 5245 Attamen

1961 5325 2081 5365 cum
2112 5306 2334 5376 fugisset
2358 5300 2540 5358 Helias
2567 5295 2758 5352 diebus
2786 5289 3159 5364 quadraginta,
3190 5287 3330 5339 venit
3361 5281 3568 5337 dormi-

1960 5406 2142 5475 vitque
2167 5374 2396 5473 quodam
2429 5396 2482 5450 in
2515 5392 2672 5457 loco,
2703 5388 2955 5456 venitque
2982 5383 3050 5437 ad
3082 5383 3226 5435 illum
3260 5378 3429 5440 Deus,
3467 5374 3572 5428 Do-

2025 5649 2100 5713 (a)
2131 5637 2771 5713 Quteuncinisnclauduntur
2804 5646 2836 5684 a
2871 5624 3065 5680 Montel'.
3091 5622 3273 5676 omissa
3315 5623 3447 5675 sunt,
3491 5613 3579 5663 hic

1965 5705 2092 5763 vei-0'
2110 5723 2139 5758 e
2155 5705 2339 5758 isavilio
2360 5705 2608 5753 restituta.

2029 5744 2745 5835 “liiE'iB'uéitTiIfiiﬁam_
2765 5757 3212 5835 deerant,_necnon
3238 5747 3286 5796 in
3311 5744 3567 5805 smptenu-

1965 5820 2213 5897 bu‘sfqute
2234 5844 2300 5881 ex
2324 5836 2430 5878 Mss.
2458 5820 2600 5877 et'ex
2624 5820 2767 5873 sntit.
2795 5821 3042 5871 sarsimus.

2033 5949 2062 5968 Χ
