  <div class='ocr_page' id='page_1' title='image "/cluster/home/n/w/nwhite01/storage/ocr_20150623/50/ien.35556001660778/333.png"; bbox 0 0 4084 6428; ppageno 0'>
   <div class='ocr_carea' id='block_1_1' title="bbox 599 369 702 424">
    <p class='ocr_par' dir='ltr' id='par_1_1' title="bbox 599 369 702 424">
     <span class='ocr_line' id='line_1_1' title="bbox 599 369 702 424; baseline 0 0"><span class='ocrx_word' id='word_1_1' title='bbox 599 369 702 424; x_wconf 78' lang='lat'><strong>7&#39;55</strong></span> 
     </span>
    </p>
   </div>
   <div class='ocr_carea' id='block_1_2' title="bbox 603 478 2189 546">
    <p class='ocr_par' dir='ltr' id='par_1_2' title="bbox 603 478 2189 546">
     <span class='ocr_line' id='line_1_2' title="bbox 603 478 2189 546; baseline -0.008 -9"><span class='ocrx_word' id='word_1_2' title='bbox 603 485 780 537; x_wconf 86' lang='lat' dir='ltr'><strong>minus</strong></span> <span class='ocrx_word' id='word_1_3' title='bbox 804 480 870 536; x_wconf 88' lang='lat' dir='ltr'><strong>ad</strong></span> <span class='ocrx_word' id='word_1_4' title='bbox 899 494 1149 545; x_wconf 76' lang='lat' dir='ltr'><strong>servum;</strong></span> <span class='ocrx_word' id='word_1_5' title='bbox 1195 478 1282 533; x_wconf 92' lang='lat' dir='ltr'><strong>ille</strong></span> <span class='ocrx_word' id='word_1_6' title='bbox 1306 519 1320 540; x_wconf 89' lang='lat'><strong>.</strong></span> <span class='ocrx_word' id='word_1_7' title='bbox 1365 478 1575 546; x_wconf 89' lang='lat' dir='ltr'><strong>inquam</strong></span> <span class='ocrx_word' id='word_1_8' title='bbox 1601 514 1616 540; x_wconf 92' lang='lat'><strong>,</strong></span> <span class='ocrx_word' id='word_1_9' title='bbox 1661 481 1876 528; x_wconf 93' lang='lat' dir='ltr'><strong>curator</strong></span> <span class='ocrx_word' id='word_1_10' title='bbox 1911 482 1964 526; x_wconf 91' lang='lat' dir='ltr'><strong>et</strong></span> <span class='ocrx_word' id='word_1_11' title='bbox 2000 484 2189 526; x_wconf 84' lang='lat' dir='ltr'><strong>amans</strong></span> 
     </span>
    </p>
   </div>
   <div class='ocr_carea' id='block_1_3' title="bbox 605 562 2186 641">
    <p class='ocr_par' dir='ltr' id='par_1_3' title="bbox 605 562 2186 641">
     <span class='ocr_line' id='line_1_3' title="bbox 605 562 2186 641; baseline -0.009 -13"><span class='ocrx_word' id='word_1_12' title='bbox 605 575 877 628; x_wconf 79' lang='lat' dir='ltr'><strong>hominum</strong></span> <span class='ocrx_word' id='word_1_13' title='bbox 911 589 924 626; x_wconf 85' lang='lat'><strong>:</strong></span> <span class='ocrx_word' id='word_1_14' title='bbox 954 580 1009 626; x_wconf 87' lang='lat' dir='ltr'><strong>et</strong></span> <span class='ocrx_word' id='word_1_15' title='bbox 1036 563 1162 641; x_wconf 80' lang='lat' dir='ltr'><strong>quid</strong></span> <span class='ocrx_word' id='word_1_16' title='bbox 1190 570 1306 624; x_wconf 87' lang='lat' dir='ltr'><strong>ait?</strong></span> <span class='ocrx_word' id='word_1_17' title='bbox 1331 583 1525 640; x_wconf 90' lang='lat' dir='ltr'><strong>gnarus</strong></span> <span class='ocrx_word' id='word_1_18' title='bbox 1550 564 1763 634; x_wconf 92' lang='lat' dir='ltr'><strong>quidem</strong></span> <span class='ocrx_word' id='word_1_19' title='bbox 1793 579 1895 634; x_wconf 91' lang='lat' dir='ltr'><strong>qua</strong></span> <span class='ocrx_word' id='word_1_20' title='bbox 1925 562 1992 617; x_wconf 89' lang='lat' dir='ltr'><strong>de</strong></span> <span class='ocrx_word' id='word_1_21' title='bbox 2027 576 2186 616; x_wconf 87' lang='lat' dir='ltr'><strong>causa</strong></span> 
     </span>
    </p>
   </div>
   <div class='ocr_carea' id='block_1_4' title="bbox 601 653 2190 728">
    <p class='ocr_par' dir='ltr' id='par_1_4' title="bbox 601 653 2190 728">
     <span class='ocr_line' id='line_1_4' title="bbox 601 653 2190 728; baseline -0.008 -9"><span class='ocrx_word' id='word_1_22' title='bbox 601 666 736 720; x_wconf 89' lang='lat' dir='ltr'><strong>istuc</strong></span> <span class='ocrx_word' id='word_1_23' title='bbox 759 664 1011 728; x_wconf 49' lang='lat' dir='ltr'><strong>venisset,</strong></span> <span class='ocrx_word' id='word_1_24' title='bbox 1030 671 1262 717; x_wconf 88' lang='lat' dir='ltr'><strong>attamen</strong></span> <span class='ocrx_word' id='word_1_25' title='bbox 1284 661 1617 714; x_wconf 81' lang='lat' dir='ltr'><strong>sciscitatur:</strong></span> <span class='ocrx_word' id='word_1_26' title='bbox 1643 657 1780 725; x_wconf 85' lang='lat' dir='ltr'><strong>Quid</strong></span> <span class='ocrx_word' id='word_1_27' title='bbox 1801 667 1853 710; x_wconf 81' lang='lat' dir='ltr'><strong>tu</strong></span> <span class='ocrx_word' id='word_1_28' title='bbox 1873 656 1972 720; x_wconf 84' lang='lat' dir='ltr'><strong>hic,</strong></span> <span class='ocrx_word' id='word_1_29' title='bbox 2000 653 2190 708; x_wconf 74' lang='lat' dir='ltr'><strong>Helia!</strong></span> 
     </span>
    </p>
   </div>
   <div class='ocr_carea' id='block_1_5' title="bbox 600 743 2184 825">
    <p class='ocr_par' dir='ltr' id='par_1_5' title="bbox 600 743 2184 825">
     <span class='ocr_line' id='line_1_5' title="bbox 600 743 2184 825; baseline -0.006 -18"><span class='ocrx_word' id='word_1_30' title='bbox 600 755 724 824; x_wconf 84' lang='lat' dir='ltr'><strong>quid</strong></span> <span class='ocrx_word' id='word_1_31' title='bbox 745 757 826 809; x_wconf 87' lang='lat' dir='ltr'><strong>In&#39;c</strong></span> <span class='ocrx_word' id='word_1_32' title='bbox 847 756 957 825; x_wconf 84' lang='lat' dir='ltr'><strong>agis</strong></span> <span class='ocrx_word' id='word_1_33' title='bbox 980 755 997 825; x_wconf 95' lang='lat'><strong>(</strong></span> <span class='ocrx_word' id='word_1_34' title='bbox 1041 756 1126 810; x_wconf 85' lang='lat' dir='ltr'><strong>Ib.</strong></span> <span class='ocrx_word' id='word_1_35' title='bbox 1150 757 1202 812; x_wconf 91' lang='lat'><strong>9.</strong></span> <span class='ocrx_word' id='word_1_36' title='bbox 1240 771 1348 823; x_wconf 85' lang='lat' dir='ltr'><strong>sqq.</strong></span> <span class='ocrx_word' id='word_1_37' title='bbox 1379 757 1400 825; x_wconf 83' lang='lat'>)</span> <span class='ocrx_word' id='word_1_38' title='bbox 1441 749 1827 803; x_wconf 86' lang='lat' dir='ltr'><strong>?subindicans</strong></span> <span class='ocrx_word' id='word_1_39' title='bbox 1847 745 1962 814; x_wconf 80' lang='lat' dir='ltr'><strong>ejus</strong></span> <span class='ocrx_word' id='word_1_40' title='bbox 1989 743 2184 813; x_wconf 84' lang='lat' dir='ltr'><strong>fugam,</strong></span> 
     </span>
    </p>
   </div>
   <div class='ocr_carea' id='block_1_6' title="bbox 607 834 2189 912">
    <p class='ocr_par' dir='ltr' id='par_1_6' title="bbox 607 834 2189 912">
     <span class='ocr_line' id='line_1_6' title="bbox 607 834 2189 912; baseline -0.008 -14"><span class='ocrx_word' id='word_1_41' title='bbox 607 861 670 899; x_wconf 89' lang='lat' dir='ltr'><strong>ac</strong></span> <span class='ocrx_word' id='word_1_42' title='bbox 700 848 744 900; x_wconf 88' lang='lat' dir='ltr'><strong>si</strong></span> <span class='ocrx_word' id='word_1_43' title='bbox 767 847 971 899; x_wconf 79' lang='lat' dir='ltr'><strong>diceret</strong></span> <span class='ocrx_word' id='word_1_44' title='bbox 1002 863 1016 897; x_wconf 88' lang='lat'><strong>:</strong></span> <span class='ocrx_word' id='word_1_45' title='bbox 1051 841 1248 912; x_wconf 82' lang='lat' dir='ltr'><strong>Fugisti</strong></span> <span class='ocrx_word' id='word_1_46' title='bbox 1277 857 1290 895; x_wconf 89' lang='lat'><strong>:</strong></span> <span class='ocrx_word' id='word_1_47' title='bbox 1323 841 1411 894; x_wconf 91' lang='lat' dir='ltr'><strong>ubi</strong></span> <span class='ocrx_word' id='word_1_48' title='bbox 1441 849 1525 894; x_wconf 88' lang='lat' dir='ltr'><strong>est</strong></span> <span class='ocrx_word' id='word_1_49' title='bbox 1553 840 1640 893; x_wconf 90' lang='lat' dir='ltr'><strong>illa</strong></span> <span class='ocrx_word' id='word_1_50' title='bbox 1671 835 1898 891; x_wconf 89' lang='lat' dir='ltr'><strong>fiducia?</strong></span> <span class='ocrx_word' id='word_1_51' title='bbox 1923 834 1990 889; x_wconf 86' lang='lat' dir='ltr'><strong>Ut</strong></span> <span class='ocrx_word' id='word_1_52' title='bbox 2014 834 2189 888; x_wconf 87' lang='lat' dir='ltr'><strong>discas</strong></span> 
     </span>
    </p>
   </div>
   <div class='ocr_carea' id='block_1_7' title="bbox 604 925 2189 997">
    <p class='ocr_par' dir='ltr' id='par_1_7' title="bbox 604 925 2189 997">
     <span class='ocr_line' id='line_1_7' title="bbox 604 925 2189 997; baseline -0.006 -10"><span class='ocrx_word' id='word_1_53' title='bbox 604 936 810 990; x_wconf 76' lang='lat' dir='ltr'><strong>viribus</strong></span> <span class='ocrx_word' id='word_1_54' title='bbox 839 936 942 988; x_wconf 89' lang='lat' dir='ltr'><strong>tuis</strong></span> <span class='ocrx_word' id='word_1_55' title='bbox 966 950 1069 988; x_wconf 89' lang='lat' dir='ltr'><strong>non</strong></span> <span class='ocrx_word' id='word_1_56' title='bbox 1097 932 1388 987; x_wconf 84' lang='lat' dir='ltr'><strong>confidere.</strong></span> <span class='ocrx_word' id='word_1_57' title='bbox 1435 929 1570 997; x_wconf 84' lang='lat' dir='ltr'><strong>Quid</strong></span> <span class='ocrx_word' id='word_1_58' title='bbox 1600 939 1654 982; x_wconf 84' lang='lat' dir='ltr'><strong>tu</strong></span> <span class='ocrx_word' id='word_1_59' title='bbox 1687 929 1769 981; x_wconf 81' lang='lat' dir='ltr'><strong>hic</strong></span> <span class='ocrx_word' id='word_1_60' title='bbox 1792 968 1807 992; x_wconf 89' lang='lat'><strong>,</strong></span> <span class='ocrx_word' id='word_1_61' title='bbox 1854 925 2041 980; x_wconf 79' lang='lat' dir='ltr'><strong>Helia?</strong></span> <span class='ocrx_word' id='word_1_62' title='bbox 2064 925 2189 995; x_wconf 84' lang='lat' dir='ltr'><strong>quid</strong></span> 
     </span>
    </p>
   </div>
   <div class='ocr_carea' id='block_1_8' title="bbox 601 1014 2190 1095">
    <p class='ocr_par' dir='ltr' id='par_1_8' title="bbox 601 1014 2190 1095">
     <span class='ocr_line' id='line_1_8' title="bbox 601 1014 2190 1095; baseline -0.004 -18"><span class='ocrx_word' id='word_1_63' title='bbox 601 1026 685 1077; x_wconf 75' lang='lat' dir='ltr'><strong>hic</strong></span> <span class='ocrx_word' id='word_1_64' title='bbox 722 1025 833 1095; x_wconf 79' lang='lat' dir='ltr'><strong>agis</strong></span> <span class='ocrx_word' id='word_1_65' title='bbox 855 1025 881 1077; x_wconf 75' lang='lat' dir='ltr'><strong>l</strong></span> <span class='ocrx_word' id='word_1_66' title='bbox 907 1021 1202 1091; x_wconf 82' lang='lat' dir='ltr'><strong>Respondit</strong></span> <span class='ocrx_word' id='word_1_67' title='bbox 1223 1031 1398 1074; x_wconf 91' lang='lat' dir='ltr'><strong>tamen</strong></span> <span class='ocrx_word' id='word_1_68' title='bbox 1428 1019 1605 1074; x_wconf 89' lang='lat' dir='ltr'><strong>llelias</strong></span> <span class='ocrx_word' id='word_1_69' title='bbox 1627 1060 1643 1083; x_wconf 92' lang='lat'><strong>,</strong></span> <span class='ocrx_word' id='word_1_70' title='bbox 1671 1019 1773 1072; x_wconf 88' lang='lat' dir='ltr'><strong>alia</strong></span> <span class='ocrx_word' id='word_1_71' title='bbox 1804 1016 1855 1071; x_wconf 93' lang='lat' dir='ltr'><strong>in</strong></span> <span class='ocrx_word' id='word_1_72' title='bbox 1887 1024 2066 1071; x_wconf 91' lang='lat' dir='ltr'><strong>mente</strong></span> <span class='ocrx_word' id='word_1_73' title='bbox 2095 1014 2190 1070; x_wconf 86' lang='lat' dir='ltr'><strong>ha-</strong></span> 
     </span>
    </p>
   </div>
   <div class='ocr_carea' id='block_1_9' title="bbox 601 1103 2186 1179">
    <p class='ocr_par' dir='ltr' id='par_1_9' title="bbox 601 1103 2186 1179">
     <span class='ocr_line' id='line_1_9' title="bbox 601 1103 2186 1179; baseline -0.007 -11"><span class='ocrx_word' id='word_1_74' title='bbox 601 1114 733 1168; x_wconf 87' lang='lat' dir='ltr'><strong>bens</strong></span> <span class='ocrx_word' id='word_1_75' title='bbox 755 1153 772 1178; x_wconf 92' lang='lat'><strong>,</strong></span> <span class='ocrx_word' id='word_1_76' title='bbox 797 1123 852 1168; x_wconf 89' lang='lat' dir='ltr'><strong>et</strong></span> <span class='ocrx_word' id='word_1_77' title='bbox 873 1114 972 1166; x_wconf 89' lang='lat' dir='ltr'><strong>alia</strong></span> <span class='ocrx_word' id='word_1_78' title='bbox 1012 1113 1216 1165; x_wconf 87' lang='lat' dir='ltr'><strong>dicens.</strong></span> <span class='ocrx_word' id='word_1_79' title='bbox 1243 1110 1378 1177; x_wconf 84' lang='lat' dir='ltr'><strong>Quid</strong></span> <span class='ocrx_word' id='word_1_80' title='bbox 1419 1109 1577 1179; x_wconf 89' lang='lat' dir='ltr'><strong>igitur</strong></span> <span class='ocrx_word' id='word_1_81' title='bbox 1604 1107 1669 1161; x_wconf 91' lang='lat' dir='ltr'><strong>ad</strong></span> <span class='ocrx_word' id='word_1_82' title='bbox 1698 1107 1813 1161; x_wconf 77' lang='lat' dir='ltr'><strong>hzec</strong></span> <span class='ocrx_word' id='word_1_83' title='bbox 1845 1106 2054 1160; x_wconf 85' lang='lat' dir='ltr'><strong>llelias?</strong></span> <span class='ocrx_word' id='word_1_84' title='bbox 2077 1103 2186 1158; x_wconf 86' lang='lat' dir='ltr'><strong>Do-</strong></span> 
     </span>
    </p>
   </div>
   <div class='ocr_carea' id='block_1_10' title="bbox 603 1193 2188 1273">
    <p class='ocr_par' dir='ltr' id='par_1_10' title="bbox 603 1193 2188 1273">
     <span class='ocr_line' id='line_1_10' title="bbox 603 1193 2188 1273; baseline -0.006 -18"><span class='ocrx_word' id='word_1_85' title='bbox 603 1205 758 1268; x_wconf 84' lang='lat' dir='ltr'><strong>mine,</strong></span> <span class='ocrx_word' id='word_1_86' title='bbox 787 1204 1058 1273; x_wconf 80' lang='lat' dir='ltr'><strong>prophetas</strong></span> <span class='ocrx_word' id='word_1_87' title='bbox 1087 1213 1197 1255; x_wconf 85' lang='lat' dir='ltr'><strong>tuos</strong></span> <span class='ocrx_word' id='word_1_88' title='bbox 1223 1200 1511 1254; x_wconf 85' lang='lat' dir='ltr'><strong>occiderunt</strong></span> <span class='ocrx_word' id='word_1_89' title='bbox 1533 1240 1546 1260; x_wconf 83' lang='lat'><strong>,</strong></span> <span class='ocrx_word' id='word_1_90' title='bbox 1575 1208 1621 1252; x_wconf 88' lang='lat' dir='ltr'><strong>et</strong></span> <span class='ocrx_word' id='word_1_91' title='bbox 1647 1198 1831 1251; x_wconf 84' lang='lat' dir='ltr'><strong>altaria</strong></span> <span class='ocrx_word' id='word_1_92' title='bbox 1857 1207 1940 1249; x_wconf 88' lang='lat' dir='ltr'><strong>tua</strong></span> <span class='ocrx_word' id='word_1_93' title='bbox 1966 1193 2188 1262; x_wconf 77' lang='lat' dir='ltr'><strong>suﬂ&#39;ode-</strong></span> 
     </span>
    </p>
   </div>
   <div class='ocr_carea' id='block_1_11' title="bbox 597 1287 2186 1362">
    <p class='ocr_par' dir='ltr' id='par_1_11' title="bbox 597 1287 2186 1362">
     <span class='ocr_line' id='line_1_11' title="bbox 597 1287 2186 1362; baseline -0.008 -15"><span class='ocrx_word' id='word_1_94' title='bbox 597 1304 715 1347; x_wconf 78' lang='lat' dir='ltr'><strong>runt</strong></span> <span class='ocrx_word' id='word_1_95' title='bbox 741 1310 760 1347; x_wconf 90' lang='lat'><strong><em>:</em></strong></span> <span class='ocrx_word' id='word_1_96' title='bbox 789 1304 834 1346; x_wconf 88' lang='lat' dir='ltr'><strong>et</strong></span> <span class='ocrx_word' id='word_1_97' title='bbox 874 1309 965 1362; x_wconf 82' lang='lat' dir='ltr'><strong>ego</strong></span> <span class='ocrx_word' id='word_1_98' title='bbox 1015 1293 1223 1345; x_wconf 82' lang='lat' dir='ltr'><strong>relictus</strong></span> <span class='ocrx_word' id='word_1_99' title='bbox 1269 1306 1381 1343; x_wconf 87' lang='lat' dir='ltr'><strong>sum</strong></span> <span class='ocrx_word' id='word_1_100' title='bbox 1423 1290 1560 1342; x_wconf 85' lang='lat' dir='ltr'><strong>solus</strong></span> <span class='ocrx_word' id='word_1_101' title='bbox 1580 1330 1593 1351; x_wconf 87' lang='lat'><strong>,</strong></span> <span class='ocrx_word' id='word_1_102' title='bbox 1620 1297 1666 1341; x_wconf 88' lang='lat' dir='ltr'><strong>et</strong></span> <span class='ocrx_word' id='word_1_103' title='bbox 1695 1297 1926 1355; x_wconf 65' lang='lat' dir='ltr'><strong>quierunt</strong></span> <span class='ocrx_word' id='word_1_104' title='bbox 1965 1287 2186 1337; x_wconf 78' lang='lat' dir='ltr'><strong>animum</strong></span> 
     </span>
    </p>
   </div>
   <div class='ocr_carea' id='block_1_12' title="bbox 601 1374 2186 1453">
    <p class='ocr_par' dir='ltr' id='par_1_12' title="bbox 601 1374 2186 1453">
     <span class='ocr_line' id='line_1_12' title="bbox 601 1374 2186 1453; baseline -0.006 -17"><span class='ocrx_word' id='word_1_105' title='bbox 601 1399 762 1436; x_wconf 85' lang='lat' dir='ltr'><strong>meam</strong></span> <span class='ocrx_word' id='word_1_106' title='bbox 790 1424 804 1446; x_wconf 86' lang='lat'><strong>,</strong></span> <span class='ocrx_word' id='word_1_107' title='bbox 835 1395 891 1436; x_wconf 86' lang='lat' dir='ltr'><strong>ut</strong></span> <span class='ocrx_word' id='word_1_108' title='bbox 921 1384 1158 1453; x_wconf 81' lang='lat' dir='ltr'><strong>auferant</strong></span> <span class='ocrx_word' id='word_1_109' title='bbox 1201 1397 1333 1434; x_wconf 89' lang='lat' dir='ltr'><strong>eam.</strong></span> <span class='ocrx_word' id='word_1_110' title='bbox 1376 1378 1510 1445; x_wconf 87' lang='lat' dir='ltr'><strong>Quid</strong></span> <span class='ocrx_word' id='word_1_111' title='bbox 1543 1377 1699 1447; x_wconf 90' lang='lat' dir='ltr'><strong>igitur</strong></span> <span class='ocrx_word' id='word_1_112' title='bbox 1727 1377 1792 1430; x_wconf 84' lang='lat' dir='ltr'><strong>ad</strong></span> <span class='ocrx_word' id='word_1_113' title='bbox 1823 1377 1970 1430; x_wconf 88' lang='lat' dir='ltr'><strong>illum</strong></span> <span class='ocrx_word' id='word_1_114' title='bbox 2003 1374 2186 1430; x_wconf 87' lang='lat' dir='ltr'><strong>Deus?</strong></span> 
     </span>
    </p>
   </div>
   <div class='ocr_carea' id='block_1_13' title="bbox 599 1466 2186 1541">
    <p class='ocr_par' dir='ltr' id='par_1_13' title="bbox 599 1466 2186 1541">
     <span class='ocr_line' id='line_1_13' title="bbox 599 1466 2186 1541; baseline -0.005 -13"><span class='ocrx_word' id='word_1_115' title='bbox 599 1473 780 1528; x_wconf 80' lang='lat' dir='ltr'><strong>statim</strong></span> <span class='ocrx_word' id='word_1_116' title='bbox 818 1474 964 1527; x_wconf 89' lang='lat' dir='ltr'><strong>illum</strong></span> <span class='ocrx_word' id='word_1_117' title='bbox 996 1473 1282 1541; x_wconf 86' lang='lat' dir='ltr'><strong>redarguit.</strong></span> <span class='ocrx_word' id='word_1_118' title='bbox 1321 1469 1434 1524; x_wconf 88' lang='lat' dir='ltr'><strong>Non</strong></span> <span class='ocrx_word' id='word_1_119' title='bbox 1467 1468 1587 1522; x_wconf 87' lang='lat' dir='ltr'><strong>ideo</strong></span> <span class='ocrx_word' id='word_1_120' title='bbox 1616 1467 1821 1536; x_wconf 84' lang='lat' dir='ltr'><strong>fugisti,</strong></span> <span class='ocrx_word' id='word_1_121' title='bbox 1846 1467 2014 1535; x_wconf 86' lang='lat' dir='ltr'><strong>inquit</strong></span> <span class='ocrx_word' id='word_1_122' title='bbox 2035 1507 2049 1526; x_wconf 77' lang='lat'><strong>,</strong></span> <span class='ocrx_word' id='word_1_123' title='bbox 2082 1466 2186 1521; x_wconf 85' lang='lat' dir='ltr'><strong>Ile-</strong></span> 
     </span>
    </p>
   </div>
   <div class='ocr_carea' id='block_1_14' title="bbox 599 1557 2181 1629">
    <p class='ocr_par' dir='ltr' id='par_1_14' title="bbox 599 1557 2181 1629">
     <span class='ocr_line' id='line_1_14' title="bbox 599 1557 2181 1629; baseline -0.004 -13"><span class='ocrx_word' id='word_1_124' title='bbox 599 1565 707 1625; x_wconf 81' lang='lat' dir='ltr'><strong>lia;</strong></span> <span class='ocrx_word' id='word_1_125' title='bbox 754 1578 856 1617; x_wconf 92' lang='lat' dir='ltr'><strong>non</strong></span> <span class='ocrx_word' id='word_1_126' title='bbox 900 1563 1040 1617; x_wconf 91' lang='lat' dir='ltr'><strong>enim</strong></span> <span class='ocrx_word' id='word_1_127' title='bbox 1083 1571 1136 1616; x_wconf 89' lang='grc' dir='ltr'><strong>ιιι</strong></span> <span class='ocrx_word' id='word_1_128' title='bbox 1180 1561 1322 1616; x_wconf 85' lang='lat' dir='ltr'><strong>solus</strong></span> <span class='ocrx_word' id='word_1_129' title='bbox 1349 1576 1442 1624; x_wconf 86' lang='lat' dir='ltr'><strong>es,</strong></span> <span class='ocrx_word' id='word_1_130' title='bbox 1473 1559 1561 1629; x_wconf 85' lang='lat' dir='ltr'><strong>qui</strong></span> <span class='ocrx_word' id='word_1_131' title='bbox 1600 1574 1705 1612; x_wconf 89' lang='lat' dir='ltr'><strong>non</strong></span> <span class='ocrx_word' id='word_1_132' title='bbox 1751 1558 1985 1612; x_wconf 84' lang='lat' dir='ltr'><strong>adorain</strong></span> <span class='ocrx_word' id='word_1_133' title='bbox 2017 1557 2181 1611; x_wconf 87' lang='lat' dir='ltr'><strong>Baal:</strong></span> 
     </span>
    </p>
   </div>
   <div class='ocr_carea' id='block_1_15' title="bbox 602 1649 2185 1720">
    <p class='ocr_par' dir='ltr' id='par_1_15' title="bbox 602 1649 2185 1720">
     <span class='ocr_line' id='line_1_15' title="bbox 602 1649 2185 1720; baseline -0.003 -15"><span class='ocrx_word' id='word_1_134' title='bbox 602 1651 728 1706; x_wconf 84' lang='lat' dir='ltr'><strong>hinc</strong></span> <span class='ocrx_word' id='word_1_135' title='bbox 755 1654 901 1706; x_wconf 90' lang='lat' dir='ltr'><strong>illum</strong></span> <span class='ocrx_word' id='word_1_136' title='bbox 931 1651 1253 1720; x_wconf 86' lang='lat' dir='ltr'><strong>redarguens</strong></span> <span class='ocrx_word' id='word_1_137' title='bbox 1283 1651 1558 1720; x_wconf 73' lang='lat' dir='ltr'><strong>sulijungit</strong></span> <span class='ocrx_word' id='word_1_138' title='bbox 1582 1667 1594 1702; x_wconf 92' lang='lat'><strong>:</strong></span> <span class='ocrx_word' id='word_1_139' title='bbox 1622 1649 1823 1719; x_wconf 81' lang='lat' dir='ltr'><strong>Reliqui</strong></span> <span class='ocrx_word' id='word_1_140' title='bbox 1851 1649 1973 1701; x_wconf 82' lang='lat' dir='ltr'><strong>mihi</strong></span> <span class='ocrx_word' id='word_1_141' title='bbox 1999 1657 2185 1716; x_wconf 83' lang='lat' dir='ltr'><strong>septem</strong></span> 
     </span>
    </p>
   </div>
   <div class='ocr_carea' id='block_1_16' title="bbox 602 1739 2181 1813">
    <p class='ocr_par' dir='ltr' id='par_1_16' title="bbox 602 1739 2181 1813">
     <span class='ocr_line' id='line_1_16' title="bbox 602 1739 2181 1813; baseline -0.004 -14"><span class='ocrx_word' id='word_1_142' title='bbox 602 1747 765 1800; x_wconf 80' lang='lat' dir='ltr'><strong>millia</strong></span> <span class='ocrx_word' id='word_1_143' title='bbox 793 1746 1034 1807; x_wconf 72' lang='lat' dir='ltr'><strong>uirorum,</strong></span> <span class='ocrx_word' id='word_1_144' title='bbox 1063 1745 1148 1811; x_wconf 87' lang='lat' dir='ltr'><strong>qui</strong></span> <span class='ocrx_word' id='word_1_145' title='bbox 1171 1761 1271 1797; x_wconf 90' lang='lat' dir='ltr'><strong>non</strong></span> <span class='ocrx_word' id='word_1_146' title='bbox 1287 1751 1611 1797; x_wconf 73' lang='lat' dir='ltr'><strong>curvaverant</strong></span> <span class='ocrx_word' id='word_1_147' title='bbox 1630 1759 1758 1813; x_wconf 85' lang='lat' dir='ltr'><strong>genu</strong></span> <span class='ocrx_word' id='word_1_148' title='bbox 1779 1751 1896 1794; x_wconf 88' lang='lat' dir='ltr'><strong>ante</strong></span> <span class='ocrx_word' id='word_1_149' title='bbox 1911 1739 2044 1794; x_wconf 88' lang='lat' dir='ltr'><strong>Baal</strong></span> <span class='ocrx_word' id='word_1_150' title='bbox 2076 1739 2181 1808; x_wconf 79' lang='lat' dir='ltr'><strong>(Ib.</strong></span> 
     </span>
    </p>
   </div>
   <div class='ocr_carea' id='block_1_17' title="bbox 597 1831 2185 1906">
    <p class='ocr_par' dir='ltr' id='par_1_17' title="bbox 597 1831 2185 1906">
     <span class='ocr_line' id='line_1_17' title="bbox 597 1831 2185 1906; baseline -0.003 -17"><span class='ocrx_word' id='word_1_151' title='bbox 597 1852 646 1890; x_wconf 76' lang='grc' dir='ltr'><strong>υ.</strong></span> <span class='ocrx_word' id='word_1_152' title='bbox 682 1835 796 1906; x_wconf 85' lang='lat' dir='ltr'><strong>I8.)</strong></span> <span class='ocrx_word' id='word_1_153' title='bbox 831 1836 1118 1905; x_wconf 78' lang='lat' dir='ltr'><strong>Redarguit</strong></span> <span class='ocrx_word' id='word_1_154' title='bbox 1139 1835 1296 1904; x_wconf 79' lang='lat' dir='ltr'><strong>igitur</strong></span> <span class='ocrx_word' id='word_1_155' title='bbox 1318 1835 1485 1897; x_wconf 88' lang='lat' dir='ltr'><strong>illum,</strong></span> <span class='ocrx_word' id='word_1_156' title='bbox 1518 1833 1659 1904; x_wconf 90' lang='lat' dir='ltr'><strong>quod</strong></span> <span class='ocrx_word' id='word_1_157' title='bbox 1685 1848 1788 1887; x_wconf 92' lang='lat' dir='ltr'><strong>non</strong></span> <span class='ocrx_word' id='word_1_158' title='bbox 1818 1848 1935 1887; x_wconf 86' lang='lat' dir='ltr'><strong>eam</strong></span> <span class='ocrx_word' id='word_1_159' title='bbox 1964 1831 2033 1885; x_wconf 90' lang='lat' dir='ltr'><strong>ob</strong></span> <span class='ocrx_word' id='word_1_160' title='bbox 2059 1847 2185 1886; x_wconf 82' lang='lat' dir='ltr'><strong>cau-</strong></span> 
     </span>
    </p>
   </div>
   <div class='ocr_carea' id='block_1_18' title="bbox 601 1921 2183 1996">
    <p class='ocr_par' dir='ltr' id='par_1_18' title="bbox 601 1921 2183 1996">
     <span class='ocr_line' id='line_1_18' title="bbox 601 1921 2183 1996; baseline -0.004 -16"><span class='ocrx_word' id='word_1_161' title='bbox 601 1943 715 1980; x_wconf 85' lang='lat' dir='ltr'><strong>sam</strong></span> <span class='ocrx_word' id='word_1_162' title='bbox 744 1925 985 1996; x_wconf 83' lang='lat' dir='ltr'><strong>fugisset.</strong></span> <span class='ocrx_word' id='word_1_163' title='bbox 1015 1925 1108 1980; x_wconf 88' lang='lat' dir='ltr'><strong>sed</strong></span> <span class='ocrx_word' id='word_1_164' title='bbox 1139 1924 1378 1979; x_wconf 86' lang='lat' dir='ltr'><strong>mulieris</strong></span> <span class='ocrx_word' id='word_1_165' title='bbox 1402 1933 1545 1978; x_wconf 90' lang='lat' dir='ltr'><strong>metu</strong></span> <span class='ocrx_word' id='word_1_166' title='bbox 1575 1932 1852 1991; x_wconf 85' lang='lat' dir='ltr'><strong>correptus</strong></span> <span class='ocrx_word' id='word_1_167' title='bbox 1878 1922 1917 1974; x_wconf 84' lang='grc'><strong>¹.</strong></span> <span class='ocrx_word' id='word_1_168' title='bbox 1949 1921 2037 1976; x_wconf 89' lang='lat' dir='ltr'><strong>Sic</strong></span> <span class='ocrx_word' id='word_1_169' title='bbox 2065 1935 2183 1974; x_wconf 87' lang='lat' dir='ltr'><strong>mu-</strong></span> 
     </span>
    </p>
   </div>
   <div class='ocr_carea' id='block_1_19' title="bbox 598 2010 2184 2085">
    <p class='ocr_par' dir='ltr' id='par_1_19' title="bbox 598 2010 2184 2085">
     <span class='ocr_line' id='line_1_19' title="bbox 598 2010 2184 2085; baseline -0.006 -12"><span class='ocrx_word' id='word_1_170' title='bbox 598 2020 701 2074; x_wconf 90' lang='lat' dir='ltr'><strong>lier</strong></span> <span class='ocrx_word' id='word_1_171' title='bbox 727 2033 828 2072; x_wconf 87' lang='lat' dir='ltr'><strong>una</strong></span> <span class='ocrx_word' id='word_1_172' title='bbox 861 2019 1018 2072; x_wconf 85' lang='lat' dir='ltr'><strong>talem</strong></span> <span class='ocrx_word' id='word_1_173' title='bbox 1048 2027 1357 2085; x_wconf 87' lang='lat' dir='ltr'><strong>tantumque</strong></span> <span class='ocrx_word' id='word_1_174' title='bbox 1379 2015 1550 2069; x_wconf 91' lang='lat' dir='ltr'><strong>virum</strong></span> <span class='ocrx_word' id='word_1_175' title='bbox 1580 2012 1853 2084; x_wconf 85' lang='lat' dir='ltr'><strong>fugitivum</strong></span> <span class='ocrx_word' id='word_1_176' title='bbox 1883 2010 2059 2066; x_wconf 79' lang='lat' dir='ltr'><strong>effecit</strong></span> <span class='ocrx_word' id='word_1_177' title='bbox 2079 2051 2094 2076; x_wconf 88' lang='lat'><strong>,</strong></span> <span class='ocrx_word' id='word_1_178' title='bbox 2127 2019 2184 2065; x_wconf 93' lang='lat' dir='ltr'><strong>ut</strong></span> 
     </span>
    </p>
   </div>
   <div class='ocr_carea' id='block_1_20' title="bbox 598 2101 2181 2175">
    <p class='ocr_par' dir='ltr' id='par_1_20' title="bbox 598 2101 2181 2175">
     <span class='ocr_line' id='line_1_20' title="bbox 598 2101 2181 2175; baseline -0.005 -13"><span class='ocrx_word' id='word_1_179' title='bbox 598 2108 796 2172; x_wconf 85' lang='lat' dir='ltr'><strong>discas,</strong></span> <span class='ocrx_word' id='word_1_180' title='bbox 829 2106 1000 2170; x_wconf 85' lang='lat' dir='ltr'><strong>Helia,</strong></span> <span class='ocrx_word' id='word_1_181' title='bbox 1031 2121 1152 2162; x_wconf 89' lang='lat' dir='ltr'><strong>cum</strong></span> <span class='ocrx_word' id='word_1_182' title='bbox 1179 2103 1381 2175; x_wconf 90' lang='lat' dir='ltr'><strong>aliquid</strong></span> <span class='ocrx_word' id='word_1_183' title='bbox 1412 2103 1723 2158; x_wconf 85' lang='lat' dir='ltr'><strong>admirabile</strong></span> <span class='ocrx_word' id='word_1_184' title='bbox 1745 2101 1935 2156; x_wconf 88' lang='lat' dir='ltr'><strong>feceris</strong></span> <span class='ocrx_word' id='word_1_185' title='bbox 1954 2141 1970 2166; x_wconf 93' lang='lat'><strong>,</strong></span> <span class='ocrx_word' id='word_1_186' title='bbox 1998 2101 2050 2155; x_wconf 91' lang='lat' dir='ltr'><strong>id</strong></span> <span class='ocrx_word' id='word_1_187' title='bbox 2077 2115 2181 2154; x_wconf 92' lang='lat' dir='ltr'><strong>non</strong></span> 
     </span>
    </p>
   </div>
   <div class='ocr_carea' id='block_1_21' title="bbox 597 2183 2179 2259">
    <p class='ocr_par' dir='ltr' id='par_1_21' title="bbox 597 2183 2179 2259">
     <span class='ocr_line' id='line_1_21' title="bbox 597 2183 2179 2259; baseline -0.004 -10"><span class='ocrx_word' id='word_1_188' title='bbox 597 2196 688 2250; x_wconf 86' lang='lat' dir='ltr'><strong>tibi</strong></span> <span class='ocrx_word' id='word_1_189' title='bbox 710 2194 1116 2249; x_wconf 78' lang='lat' dir='ltr'><strong>adscribendum</strong></span> <span class='ocrx_word' id='word_1_190' title='bbox 1143 2208 1262 2248; x_wconf 91' lang='lat' dir='ltr'><strong>esse</strong></span> <span class='ocrx_word' id='word_1_191' title='bbox 1285 2195 1330 2259; x_wconf 82' lang='lat'><strong>’,</strong></span> <span class='ocrx_word' id='word_1_192' title='bbox 1353 2192 1447 2247; x_wconf 90' lang='lat' dir='ltr'><strong>sed</strong></span> <span class='ocrx_word' id='word_1_193' title='bbox 1477 2192 1566 2246; x_wconf 90' lang='lat' dir='ltr'><strong>Dei</strong></span> <span class='ocrx_word' id='word_1_194' title='bbox 1601 2183 1804 2258; x_wconf 69' lang='lat' dir='ltr'><strong>virtuti.</strong></span> <span class='ocrx_word' id='word_1_195' title='bbox 1831 2189 2016 2242; x_wconf 81' lang='lat' dir='ltr'><strong>Vidisti</strong></span> <span class='ocrx_word' id='word_1_196' title='bbox 2043 2204 2179 2257; x_wconf 80' lang='lat' dir='ltr'><strong>quo-</strong></span> 
     </span>
    </p>
   </div>
   <div class='ocr_carea' id='block_1_22' title="bbox 597 2277 2182 2354">
    <p class='ocr_par' dir='ltr' id='par_1_22' title="bbox 597 2277 2182 2354">
     <span class='ocr_line' id='line_1_22' title="bbox 597 2277 2182 2354; baseline -0.005 -16"><span class='ocrx_word' id='word_1_197' title='bbox 597 2285 759 2339; x_wconf 90' lang='lat' dir='ltr'><strong>modo</strong></span> <span class='ocrx_word' id='word_1_198' title='bbox 787 2283 1094 2339; x_wconf 87' lang='lat' dir='ltr'><strong>discedente</strong></span> <span class='ocrx_word' id='word_1_199' title='bbox 1129 2283 1297 2354; x_wconf 88' lang='lat' dir='ltr'><strong>gratia</strong></span> <span class='ocrx_word' id='word_1_200' title='bbox 1323 2322 1338 2346; x_wconf 90' lang='lat'><strong>,</strong></span> <span class='ocrx_word' id='word_1_201' title='bbox 1376 2289 1624 2350; x_wconf 88' lang='lat' dir='ltr'><strong>superata</strong></span> <span class='ocrx_word' id='word_1_202' title='bbox 1659 2281 1730 2334; x_wconf 85' lang='lat' dir='ltr'><strong>sit</strong></span> <span class='ocrx_word' id='word_1_203' title='bbox 1771 2278 2000 2333; x_wconf 87' lang='lat' dir='ltr'><strong>natura?</strong></span> <span class='ocrx_word' id='word_1_204' title='bbox 2025 2277 2182 2349; x_wconf 80' lang='lat' dir='ltr'><strong>Fugit</strong></span> 
     </span>
    </p>
   </div>
   <div class='ocr_carea' id='block_1_23' title="bbox 602 2371 2176 2445">
    <p class='ocr_par' dir='ltr' id='par_1_23' title="bbox 602 2371 2176 2445">
     <span class='ocr_line' id='line_1_23' title="bbox 602 2371 2176 2445; baseline -0.003 -16"><span class='ocrx_word' id='word_1_205' title='bbox 602 2375 780 2429; x_wconf 81' lang='lat' dir='ltr'><strong>Helias</strong></span> <span class='ocrx_word' id='word_1_206' title='bbox 805 2376 980 2429; x_wconf 83' lang='lat' dir='ltr'><strong>itinere</strong></span> <span class='ocrx_word' id='word_1_207' title='bbox 998 2374 1191 2428; x_wconf 88' lang='lat' dir='ltr'><strong>dierum</strong></span> <span class='ocrx_word' id='word_1_208' title='bbox 1211 2375 1568 2445; x_wconf 85' lang='lat' dir='ltr'><strong>quadraginta.</strong></span> <span class='ocrx_word' id='word_1_209' title='bbox 1591 2371 1636 2426; x_wconf 92' lang='grc' dir='ltr'><strong>Ο</strong></span> <span class='ocrx_word' id='word_1_210' title='bbox 1658 2373 1899 2426; x_wconf 86' lang='lat' dir='ltr'><strong>timorem</strong></span> <span class='ocrx_word' id='word_1_211' title='bbox 1923 2371 2139 2425; x_wconf 86' lang='lat' dir='ltr'><strong>nimium</strong></span> <span class='ocrx_word' id='word_1_212' title='bbox 2163 2371 2176 2424; x_wconf 91' lang='lat'><strong>!</strong></span> 
     </span>
    </p>
   </div>
   <div class='ocr_carea' id='block_1_24' title="bbox 597 2462 2182 2528">
    <p class='ocr_par' dir='ltr' id='par_1_24' title="bbox 597 2462 2182 2528">
     <span class='ocr_line' id='line_1_24' title="bbox 597 2462 2182 2528; baseline -0.003 -8"><span class='ocrx_word' id='word_1_213' title='bbox 597 2481 633 2520; x_wconf 84' lang='grc' dir='ltr'><strong>ο</strong></span> <span class='ocrx_word' id='word_1_214' title='bbox 661 2465 961 2521; x_wconf 78' lang='lat' dir='ltr'><strong>formidinis</strong></span> <span class='ocrx_word' id='word_1_215' title='bbox 991 2465 1410 2520; x_wconf 79' lang='lat' dir='ltr'><strong>vehementiam!</strong></span> <span class='ocrx_word' id='word_1_216' title='bbox 1443 2480 1545 2518; x_wconf 90' lang='lat' dir='ltr'><strong>non</strong></span> <span class='ocrx_word' id='word_1_217' title='bbox 1573 2478 1682 2519; x_wconf 90' lang='lat' dir='ltr'><strong>uno</strong></span> <span class='ocrx_word' id='word_1_218' title='bbox 1701 2504 1717 2527; x_wconf 91' lang='lat'><strong>,</strong></span> <span class='ocrx_word' id='word_1_219' title='bbox 1747 2473 1839 2516; x_wconf 87' lang='lat' dir='ltr'><strong>aut</strong></span> <span class='ocrx_word' id='word_1_220' title='bbox 1865 2462 2032 2516; x_wconf 89' lang='lat' dir='ltr'><strong>altero</strong></span> <span class='ocrx_word' id='word_1_221' title='bbox 2054 2503 2068 2528; x_wconf 91' lang='lat'><strong>,</strong></span> <span class='ocrx_word' id='word_1_222' title='bbox 2090 2469 2182 2516; x_wconf 89' lang='lat' dir='ltr'><strong>aut</strong></span> 
     </span>
    </p>
   </div>
   <div class='ocr_carea' id='block_1_25' title="bbox 597 2552 2180 2626">
    <p class='ocr_par' dir='ltr' id='par_1_25' title="bbox 597 2552 2180 2626">
     <span class='ocr_line' id='line_1_25' title="bbox 597 2552 2180 2626; baseline -0.004 -15"><span class='ocrx_word' id='word_1_223' title='bbox 597 2557 754 2612; x_wconf 89' lang='lat' dir='ltr'><strong>tertio</strong></span> <span class='ocrx_word' id='word_1_224' title='bbox 778 2598 793 2625; x_wconf 93' lang='lat'><strong>,</strong></span> <span class='ocrx_word' id='word_1_225' title='bbox 840 2556 932 2611; x_wconf 88' lang='lat' dir='ltr'><strong>sed</strong></span> <span class='ocrx_word' id='word_1_226' title='bbox 981 2555 1328 2626; x_wconf 83' lang='lat' dir='ltr'><strong>quadraginta</strong></span> <span class='ocrx_word' id='word_1_227' title='bbox 1369 2554 1557 2609; x_wconf 88' lang='lat' dir='ltr'><strong>diebus</strong></span> <span class='ocrx_word' id='word_1_228' title='bbox 1596 2554 1760 2624; x_wconf 89' lang='lat' dir='ltr'><strong>fugit,</strong></span> <span class='ocrx_word' id='word_1_229' title='bbox 1791 2561 1844 2609; x_wconf 88' lang='lat' dir='ltr'><strong>et</strong></span> <span class='ocrx_word' id='word_1_230' title='bbox 1870 2552 1936 2607; x_wconf 85' lang='lat' dir='ltr'><strong>ad</strong></span> <span class='ocrx_word' id='word_1_231' title='bbox 1963 2552 2180 2606; x_wconf 84' lang='lat' dir='ltr'><strong>omnino</strong></span> 
     </span>
    </p>
   </div>
   <div class='ocr_carea' id='block_1_26' title="bbox 596 2643 2177 2719">
    <p class='ocr_par' dir='ltr' id='par_1_26' title="bbox 596 2643 2177 2719">
     <span class='ocr_line' id='line_1_26' title="bbox 596 2643 2177 2719; baseline -0.004 -17"><span class='ocrx_word' id='word_1_232' title='bbox 596 2650 861 2703; x_wconf 86' lang='lat' dir='ltr'><strong>desertam</strong></span> <span class='ocrx_word' id='word_1_233' title='bbox 902 2648 1176 2719; x_wconf 80' lang='lat' dir='ltr'><strong>regionem</strong></span> <span class='ocrx_word' id='word_1_234' title='bbox 1218 2663 1277 2703; x_wconf 88' lang='lat' dir='ltr'><strong>se</strong></span> <span class='ocrx_word' id='word_1_235' title='bbox 1307 2647 1558 2713; x_wconf 91' lang='lat' dir='ltr'><strong>contulit,</strong></span> <span class='ocrx_word' id='word_1_236' title='bbox 1600 2661 1708 2701; x_wconf 91' lang='lat' dir='ltr'><strong>non</strong></span> <span class='ocrx_word' id='word_1_237' title='bbox 1747 2645 1898 2710; x_wconf 90' lang='lat' dir='ltr'><strong>cibo,</strong></span> <span class='ocrx_word' id='word_1_238' title='bbox 1943 2659 2051 2699; x_wconf 91' lang='lat' dir='ltr'><strong>non</strong></span> <span class='ocrx_word' id='word_1_239' title='bbox 2077 2643 2177 2697; x_wconf 84' lang='lat' dir='ltr'><strong>ali-</strong></span> 
     </span>
    </p>
   </div>
   <div class='ocr_carea' id='block_1_27' title="bbox 597 2734 2178 2809">
    <p class='ocr_par' dir='ltr' id='par_1_27' title="bbox 597 2734 2178 2809">
     <span class='ocr_line' id='line_1_27' title="bbox 597 2734 2178 2809; baseline -0.003 -17"><span class='ocrx_word' id='word_1_240' title='bbox 597 2749 780 2794; x_wconf 89' lang='lat' dir='ltr'><strong>mento</strong></span> <span class='ocrx_word' id='word_1_241' title='bbox 817 2740 1064 2809; x_wconf 91' lang='lat' dir='ltr'><strong>quopiam</strong></span> <span class='ocrx_word' id='word_1_242' title='bbox 1093 2738 1385 2793; x_wconf 90' lang='lat' dir='ltr'><strong>instructus</strong></span> <span class='ocrx_word' id='word_1_243' title='bbox 1413 2755 1426 2792; x_wconf 94' lang='lat'><strong>:</strong></span> <span class='ocrx_word' id='word_1_244' title='bbox 1451 2746 1595 2792; x_wconf 90' lang='lat' dir='ltr'><strong>metu</strong></span> <span class='ocrx_word' id='word_1_245' title='bbox 1625 2737 1819 2806; x_wconf 83' lang='lat' dir='ltr'><strong>quippe</strong></span> <span class='ocrx_word' id='word_1_246' title='bbox 1855 2736 2034 2790; x_wconf 91' lang='lat' dir='ltr'><strong>ebrius</strong></span> <span class='ocrx_word' id='word_1_247' title='bbox 2064 2734 2178 2788; x_wconf 65' lang='lat' dir='ltr'><strong>haec</strong></span> 
     </span>
    </p>
   </div>
   <div class='ocr_carea' id='block_1_28' title="bbox 595 2827 2174 2898">
    <p class='ocr_par' dir='ltr' id='par_1_28' title="bbox 595 2827 2174 2898">
     <span class='ocr_line' id='line_1_28' title="bbox 595 2827 2174 2898; baseline -0.001 -16"><span class='ocrx_word' id='word_1_248' title='bbox 595 2844 700 2882; x_wconf 91' lang='lat' dir='ltr'><strong>non</strong></span> <span class='ocrx_word' id='word_1_249' title='bbox 723 2829 943 2884; x_wconf 86' lang='lat' dir='ltr'><strong>curabat</strong></span> <span class='ocrx_word' id='word_1_250' title='bbox 967 2870 980 2892; x_wconf 91' lang='lat'><strong>,</strong></span> <span class='ocrx_word' id='word_1_251' title='bbox 1011 2828 1103 2883; x_wconf 90' lang='lat' dir='ltr'><strong>sed</strong></span> <span class='ocrx_word' id='word_1_252' title='bbox 1130 2829 1341 2883; x_wconf 89' lang='lat' dir='ltr'><strong>deserta</strong></span> <span class='ocrx_word' id='word_1_253' title='bbox 1381 2829 1498 2882; x_wconf 86' lang='lat' dir='ltr'><strong>loca</strong></span> <span class='ocrx_word' id='word_1_254' title='bbox 1526 2827 1848 2883; x_wconf 85' lang='lat' dir='ltr'><strong>sectabatur.</strong></span> <span class='ocrx_word' id='word_1_255' title='bbox 1876 2827 2174 2898; x_wconf 88' lang='lat' dir='ltr'><strong>lngressum</strong></span> 
     </span>
    </p>
   </div>
   <div class='ocr_carea' id='block_1_29' title="bbox 599 2919 2176 2989">
    <p class='ocr_par' dir='ltr' id='par_1_29' title="bbox 599 2919 2176 2989">
     <span class='ocr_line' id='line_1_29' title="bbox 599 2919 2176 2989; baseline 0 -15"><span class='ocrx_word' id='word_1_256' title='bbox 599 2929 683 2974; x_wconf 75' lang='lat' dir='ltr'><strong>est</strong></span> <span class='ocrx_word' id='word_1_257' title='bbox 710 2921 947 2975; x_wconf 83' lang='lat' dir='ltr'><strong>mulieris</strong></span> <span class='ocrx_word' id='word_1_258' title='bbox 976 2921 1194 2975; x_wconf 81' lang='lat' dir='ltr'><strong>verbum</strong></span> <span class='ocrx_word' id='word_1_259' title='bbox 1226 2920 1277 2974; x_wconf 92' lang='lat' dir='ltr'><strong>in</strong></span> <span class='ocrx_word' id='word_1_260' title='bbox 1307 2922 1640 2989; x_wconf 83' lang='lat' dir='ltr'><strong>prophetam,</strong></span> <span class='ocrx_word' id='word_1_261' title='bbox 1670 2927 1724 2974; x_wconf 90' lang='lat' dir='ltr'><strong>et</strong></span> <span class='ocrx_word' id='word_1_262' title='bbox 1743 2920 1890 2989; x_wconf 90' lang='lat' dir='ltr'><strong>quasi</strong></span> <span class='ocrx_word' id='word_1_263' title='bbox 1912 2919 2176 2989; x_wconf 82' lang='lat' dir='ltr'><strong>zephyrus</strong></span> 
     </span>
    </p>
   </div>
   <div class='ocr_carea' id='block_1_30' title="bbox 591 3011 2174 3082">
    <p class='ocr_par' dir='ltr' id='par_1_30' title="bbox 591 3011 2174 3082">
     <span class='ocr_line' id='line_1_30' title="bbox 591 3011 2174 3082; baseline -0.001 -16"><span class='ocrx_word' id='word_1_264' title='bbox 591 3013 935 3069; x_wconf 82' lang='lat' dir='ltr'><strong>vehementer</strong></span> <span class='ocrx_word' id='word_1_265' title='bbox 971 3013 1024 3066; x_wconf 89' lang='lat' dir='ltr'><strong>in</strong></span> <span class='ocrx_word' id='word_1_266' title='bbox 1057 3013 1236 3067; x_wconf 81' lang='lat' dir='ltr'><strong>velum</strong></span> <span class='ocrx_word' id='word_1_267' title='bbox 1273 3011 1492 3067; x_wconf 80' lang='lat' dir='ltr'><strong>sufﬂans</strong></span> <span class='ocrx_word' id='word_1_268' title='bbox 1529 3013 1794 3081; x_wconf 82' lang='lat' dir='ltr'><strong>navigium</strong></span> <span class='ocrx_word' id='word_1_269' title='bbox 1827 3026 1948 3066; x_wconf 89' lang='lat' dir='ltr'><strong>cum</strong></span> <span class='ocrx_word' id='word_1_270' title='bbox 1975 3011 2174 3082; x_wconf 86' lang='lat' dir='ltr'><strong>impetu</strong></span> 
     </span>
    </p>
   </div>
   <div class='ocr_carea' id='block_1_31' title="bbox 657 3159 2173 3260">
    <p class='ocr_par' dir='ltr' id='par_1_31' title="bbox 657 3159 2173 3260">
     <span class='ocr_line' id='line_1_31' title="bbox 657 3159 2173 3260; baseline 0.001 -27"><span class='ocrx_word' id='word_1_271' title='bbox 657 3159 938 3260; x_wconf 39' lang='lat' dir='ltr'><strong>IplngSavtli,</strong></span> <span class='ocrx_word' id='word_1_272' title='bbox 965 3184 1080 3260; x_wconf 82' lang='lat' dir='ltr'><strong>quia</strong></span> <span class='ocrx_word' id='word_1_273' title='bbox 1101 3197 1320 3260; x_wconf 61' lang='lat' dir='ltr'><strong>nonegm</strong></span> <span class='ocrx_word' id='word_1_274' title='bbox 1341 3185 1400 3236; x_wconf 86' lang='lat' dir='ltr'><strong>ob</strong></span> <span class='ocrx_word' id='word_1_275' title='bbox 1439 3197 1636 3236; x_wconf 78' lang='lat' dir='ltr'><strong>causam</strong></span> <span class='ocrx_word' id='word_1_276' title='bbox 1655 3185 1840 3250; x_wconf 75' lang='lat' dir='ltr'><strong>fugisti,</strong></span> <span class='ocrx_word' id='word_1_277' title='bbox 1864 3184 1950 3237; x_wconf 78' lang='lat' dir='ltr'><strong>sed</strong></span> <span class='ocrx_word' id='word_1_278' title='bbox 1974 3189 2173 3248; x_wconf 83' lang='lat' dir='ltr'><strong>propter</strong></span> 
     </span>
    </p>
   </div>
   <div class='ocr_carea' id='block_1_32' title="bbox 592 3246 2114 3369">
    <p class='ocr_par' dir='ltr' id='par_1_32' title="bbox 592 3246 2114 3369">
     <span class='ocr_line' id='line_1_32' title="bbox 592 3246 2114 3369; baseline -0.001 -12"><span class='ocrx_word' id='word_1_279' title='bbox 592 3246 1568 3369; x_wconf 59' lang='grc' dir='ltr'><strong>“’ί¹ἰῗτ⁸θῗῖεέῗῗοῗιῗει⁶ῗῖ²ῗῖἶ’άίεεω......</strong></span> <span class='ocrx_word' id='word_1_280' title='bbox 1584 3307 1638 3358; x_wconf 82' lang='lat' dir='ltr'><strong>id</strong></span> <span class='ocrx_word' id='word_1_281' title='bbox 1660 3320 1753 3358; x_wconf 89' lang='lat' dir='ltr'><strong>non</strong></span> <span class='ocrx_word' id='word_1_282' title='bbox 1774 3305 1863 3358; x_wconf 83' lang='lat' dir='ltr'><strong>tibi</strong></span> <span class='ocrx_word' id='word_1_283' title='bbox 1875 3305 2114 3358; x_wconf 80' lang='lat' dir='ltr'><strong>adscribe.</strong></span> 
     </span>
    </p>
   </div>
   <div class='ocr_carea' id='block_1_33' title="bbox 1435 354 3888 419">
    <p class='ocr_par' dir='ltr' id='par_1_33' title="bbox 1435 354 3888 419">
     <span class='ocr_line' id='line_1_33' title="bbox 1435 354 3888 419; baseline -0.001 0"><span class='ocrx_word' id='word_1_284' title='bbox 1435 359 1492 419; x_wconf 74' lang='grc' dir='ltr'><strong>ε.</strong></span> <span class='ocrx_word' id='word_1_285' title='bbox 1524 358 1801 417; x_wconf 71' lang='grc' dir='ltr'><strong>ιοΑΝΝιε</strong></span> <span class='ocrx_word' id='word_1_286' title='bbox 1825 354 2294 413; x_wconf 63' lang='lat' dir='ltr'><strong>CllltYSOSTOIII</strong></span> <span class='ocrx_word' id='word_1_287' title='bbox 2320 355 2638 412; x_wconf 74' lang='lat' dir='ltr'><strong>ARCIIIEP.</strong></span> <span class='ocrx_word' id='word_1_288' title='bbox 2680 354 3212 412; x_wconf 71' lang='lat' dir='ltr'><strong>COSS&#39;I&#39;AN‘I&#39;INOP.</strong></span> <span class='ocrx_word' id='word_1_289' title='bbox 3791 360 3888 416; x_wconf 69' lang='lat' dir='ltr'><strong>ras</strong></span> 
     </span>
    </p>
   </div>
   <div class='ocr_carea' id='block_1_34' title="bbox 2292 469 3886 543">
    <p class='ocr_par' dir='ltr' id='par_1_34' title="bbox 2292 469 3886 543">
     <span class='ocr_line' id='line_1_34' title="bbox 2292 469 3886 543; baseline 0 -17"><span class='ocrx_word' id='word_1_290' title='bbox 2292 472 2639 537; x_wconf 85' lang='lat' dir='ltr'><strong>transmittit;</strong></span> <span class='ocrx_word' id='word_1_291' title='bbox 2693 472 2772 528; x_wconf 91' lang='lat' dir='ltr'><strong>sic</strong></span> <span class='ocrx_word' id='word_1_292' title='bbox 2810 470 3032 526; x_wconf 77' lang='lat' dir='ltr'><strong>verbum</strong></span> <span class='ocrx_word' id='word_1_293' title='bbox 3081 470 3320 526; x_wconf 84' lang='lat' dir='ltr'><strong>mulieris</strong></span> <span class='ocrx_word' id='word_1_294' title='bbox 3351 469 3402 525; x_wconf 89' lang='lat' dir='ltr'><strong>in</strong></span> <span class='ocrx_word' id='word_1_295' title='bbox 3441 470 3768 543; x_wconf 66' lang='lat' dir='ltr'><strong>prophetam</strong></span> <span class='ocrx_word' id='word_1_296' title='bbox 3806 475 3886 526; x_wconf 85' lang='lat' dir='ltr'><strong>in-</strong></span> 
     </span>
    </p>
   </div>
   <div class='ocr_carea' id='block_1_35' title="bbox 2290 561 3884 630">
    <p class='ocr_par' dir='ltr' id='par_1_35' title="bbox 2290 561 3884 630">
     <span class='ocr_line' id='line_1_35' title="bbox 2290 561 3884 630; baseline 0.001 -16"><span class='ocrx_word' id='word_1_297' title='bbox 2290 575 2569 630; x_wconf 85' lang='lat' dir='ltr'><strong>gressum,</strong></span> <span class='ocrx_word' id='word_1_298' title='bbox 2621 561 2768 615; x_wconf 90' lang='lat' dir='ltr'><strong>illum</strong></span> <span class='ocrx_word' id='word_1_299' title='bbox 2815 575 2936 614; x_wconf 88' lang='lat' dir='ltr'><strong>cum</strong></span> <span class='ocrx_word' id='word_1_300' title='bbox 2984 561 3185 630; x_wconf 90' lang='lat' dir='ltr'><strong>impetu</strong></span> <span class='ocrx_word' id='word_1_301' title='bbox 3226 562 3276 615; x_wconf 94' lang='lat' dir='ltr'><strong>in</strong></span> <span class='ocrx_word' id='word_1_302' title='bbox 3311 561 3585 618; x_wconf 85' lang='lat' dir='ltr'><strong>desertum</strong></span> <span class='ocrx_word' id='word_1_303' title='bbox 3629 565 3884 630; x_wconf 73' lang='lat' dir='ltr'><strong>coniecit.</strong></span> 
     </span>
    </p>
   </div>
   <div class='ocr_carea' id='block_1_36' title="bbox 2297 650 3888 721">
    <p class='ocr_par' dir='ltr' id='par_1_36' title="bbox 2297 650 3888 721">
     <span class='ocr_line' id='line_1_36' title="bbox 2297 650 3888 721; baseline -0.001 -14"><span class='ocrx_word' id='word_1_304' title='bbox 2297 650 2548 714; x_wconf 89' lang='lat' dir='ltr'><strong>Ubinam.</strong></span> <span class='ocrx_word' id='word_1_305' title='bbox 2578 651 2727 706; x_wconf 83' lang='lat' dir='ltr'><strong>Helia</strong></span> <span class='ocrx_word' id='word_1_306' title='bbox 2749 693 2766 718; x_wconf 90' lang='lat'><strong>,</strong></span> <span class='ocrx_word' id='word_1_307' title='bbox 2789 651 2876 705; x_wconf 93' lang='lat' dir='ltr'><strong>illa</strong></span> <span class='ocrx_word' id='word_1_308' title='bbox 2902 661 2987 704; x_wconf 88' lang='lat' dir='ltr'><strong>tua</strong></span> <span class='ocrx_word' id='word_1_309' title='bbox 3012 651 3266 721; x_wconf 81' lang='lat' dir='ltr'><strong>loquendi</strong></span> <span class='ocrx_word' id='word_1_310' title='bbox 3288 653 3507 708; x_wconf 88' lang='lat' dir='ltr'><strong>libertas</strong></span> <span class='ocrx_word' id='word_1_311' title='bbox 3524 654 3550 706; x_wconf 84' lang='lat'><strong>?</strong></span> <span class='ocrx_word' id='word_1_312' title='bbox 3580 653 3802 707; x_wconf 80' lang='lat' dir='ltr'><strong>ubinam</strong></span> <span class='ocrx_word' id='word_1_313' title='bbox 3827 668 3888 705; x_wconf 82' lang='lat' dir='ltr'><strong>os</strong></span> 
     </span>
    </p>
   </div>
   <div class='ocr_carea' id='block_1_37' title="bbox 2293 742 3887 813">
    <p class='ocr_par' dir='ltr' id='par_1_37' title="bbox 2293 742 3887 813">
     <span class='ocr_line' id='line_1_37' title="bbox 2293 742 3887 813; baseline -0.001 -17"><span class='ocrx_word' id='word_1_314' title='bbox 2293 743 2421 797; x_wconf 87' lang='lat' dir='ltr'><strong>illud</strong></span> <span class='ocrx_word' id='word_1_315' title='bbox 2451 743 2716 797; x_wconf 79' lang='lat' dir='ltr'><strong>terribile?</strong></span> <span class='ocrx_word' id='word_1_316' title='bbox 2743 742 2830 796; x_wconf 87' lang='lat' dir='ltr'><strong>ubi</strong></span> <span class='ocrx_word' id='word_1_317' title='bbox 2858 742 3036 813; x_wconf 82' lang='lat' dir='ltr'><strong>lingua</strong></span> <span class='ocrx_word' id='word_1_318' title='bbox 3065 742 3152 796; x_wconf 92' lang='lat' dir='ltr'><strong>illa</strong></span> <span class='ocrx_word' id='word_1_319' title='bbox 3176 744 3423 798; x_wconf 82' lang='lat' dir='ltr'><strong>imbrium</strong></span> <span class='ocrx_word' id='word_1_320' title='bbox 3446 744 3841 810; x_wconf 76' lang='lat' dir='ltr'><strong>suppeditatrix</strong></span> <span class='ocrx_word' id='word_1_321' title='bbox 3864 745 3887 795; x_wconf 85' lang='lat'><strong>?</strong></span> 
     </span>
    </p>
   </div>
   <div class='ocr_carea' id='block_1_38' title="bbox 2293 833 3887 904">
    <p class='ocr_par' dir='ltr' id='par_1_38' title="bbox 2293 833 3887 904">
     <span class='ocr_line' id='line_1_38' title="bbox 2293 833 3887 904; baseline 0.001 -17"><span class='ocrx_word' id='word_1_322' title='bbox 2293 834 2380 889; x_wconf 92' lang='lat' dir='ltr'><strong>ubi</strong></span> <span class='ocrx_word' id='word_1_323' title='bbox 2405 833 2512 900; x_wconf 89' lang='lat' dir='ltr'><strong>ille,</strong></span> <span class='ocrx_word' id='word_1_324' title='bbox 2535 833 2626 901; x_wconf 89' lang='lat' dir='ltr'><strong>qui</strong></span> <span class='ocrx_word' id='word_1_325' title='bbox 2657 833 2894 902; x_wconf 84' lang='lat' dir='ltr'><strong>utrisque</strong></span> <span class='ocrx_word' id='word_1_326' title='bbox 2921 833 3204 888; x_wconf 82' lang='lat' dir='ltr'><strong>elementis</strong></span> <span class='ocrx_word' id='word_1_327' title='bbox 3229 833 3608 904; x_wconf 65' lang='lat' dir='ltr'><strong>pra&#39;cipiehat,</strong></span> <span class='ocrx_word' id='word_1_328' title='bbox 3641 844 3696 889; x_wconf 89' lang='lat' dir='ltr'><strong>et</strong></span> <span class='ocrx_word' id='word_1_329' title='bbox 3728 837 3887 889; x_wconf 87' lang='lat' dir='ltr'><strong>modo</strong></span> 
     </span>
    </p>
   </div>
   <div class='ocr_carea' id='block_1_39' title="bbox 2291 925 3884 994">
    <p class='ocr_par' dir='ltr' id='par_1_39' title="bbox 2291 925 3884 994">
     <span class='ocr_line' id='line_1_39' title="bbox 2291 925 3884 994; baseline -0.001 -14"><span class='ocrx_word' id='word_1_330' title='bbox 2291 927 2480 980; x_wconf 76' lang='lat' dir='ltr'><strong>cadum</strong></span> <span class='ocrx_word' id='word_1_331' title='bbox 2519 925 2839 991; x_wconf 88' lang='lat' dir='ltr'><strong>claudebat,</strong></span> <span class='ocrx_word' id='word_1_332' title='bbox 2870 925 3032 980; x_wconf 86' lang='lat' dir='ltr'><strong>modo</strong></span> <span class='ocrx_word' id='word_1_333' title='bbox 3083 926 3259 994; x_wconf 88' lang='lat' dir='ltr'><strong>ignem</strong></span> <span class='ocrx_word' id='word_1_334' title='bbox 3307 925 3560 980; x_wconf 82' lang='lat' dir='ltr'><strong>evocabat</strong></span> <span class='ocrx_word' id='word_1_335' title='bbox 3587 926 3656 980; x_wconf 88' lang='lat' dir='ltr'><strong>ad</strong></span> <span class='ocrx_word' id='word_1_336' title='bbox 3679 927 3884 982; x_wconf 82' lang='lat' dir='ltr'><strong>sacrifi-</strong></span> 
     </span>
    </p>
   </div>
   <div class='ocr_carea' id='block_1_40' title="bbox 2291 1014 3884 1086">
    <p class='ocr_par' dir='ltr' id='par_1_40' title="bbox 2291 1014 3884 1086">
     <span class='ocr_line' id='line_1_40' title="bbox 2291 1014 3884 1086; baseline -0.003 -13"><span class='ocrx_word' id='word_1_337' title='bbox 2291 1018 2474 1073; x_wconf 90' lang='lat' dir='ltr'><strong>cium?</strong></span> <span class='ocrx_word' id='word_1_338' title='bbox 2496 1019 2780 1082; x_wconf 81' lang='lat' dir='ltr'><strong>Attamen,</strong></span> <span class='ocrx_word' id='word_1_339' title='bbox 2830 1028 2885 1072; x_wconf 95' lang='lat' dir='ltr'><strong>ut</strong></span> <span class='ocrx_word' id='word_1_340' title='bbox 2908 1017 3054 1082; x_wconf 89' lang='lat' dir='ltr'><strong>dixi,</strong></span> <span class='ocrx_word' id='word_1_341' title='bbox 3085 1017 3199 1072; x_wconf 77' lang='lat' dir='ltr'><strong>ha-c</strong></span> <span class='ocrx_word' id='word_1_342' title='bbox 3223 1014 3450 1071; x_wconf 82' lang='lat' dir='ltr'><strong>faciebat</strong></span> <span class='ocrx_word' id='word_1_343' title='bbox 3479 1025 3744 1086; x_wconf 87' lang='lat' dir='ltr'><strong>operante</strong></span> <span class='ocrx_word' id='word_1_344' title='bbox 3769 1031 3884 1086; x_wconf 85' lang='lat' dir='ltr'><strong>gra-</strong></span> 
     </span>
    </p>
   </div>
   <div class='ocr_carea' id='block_1_41' title="bbox 2291 1105 3882 1178">
    <p class='ocr_par' dir='ltr' id='par_1_41' title="bbox 2291 1105 3882 1178">
     <span class='ocr_line' id='line_1_41' title="bbox 2291 1105 3882 1178; baseline -0.001 -17"><span class='ocrx_word' id='word_1_345' title='bbox 2291 1109 2361 1161; x_wconf 89' lang='lat' dir='ltr'><strong>tia</strong></span> <span class='ocrx_word' id='word_1_346' title='bbox 2383 1108 2764 1178; x_wconf 87' lang='lat' dir='ltr'><strong>;quamobrem</strong></span> <span class='ocrx_word' id='word_1_347' title='bbox 2786 1124 2816 1162; x_wconf 90' lang='lat' dir='ltr'><strong>a</strong></span> <span class='ocrx_word' id='word_1_348' title='bbox 2841 1110 2950 1162; x_wconf 83' lang='lat' dir='ltr'><strong>Deo</strong></span> <span class='ocrx_word' id='word_1_349' title='bbox 2975 1107 3330 1178; x_wconf 84' lang='lat' dir='ltr'><strong>redarguitur.</strong></span> <span class='ocrx_word' id='word_1_350' title='bbox 3356 1105 3516 1161; x_wconf 79' lang='lat' dir='ltr'><strong>Vides</strong></span> <span class='ocrx_word' id='word_1_351' title='bbox 3535 1106 3815 1176; x_wconf 86' lang='lat' dir='ltr'><strong>quomodo</strong></span> <span class='ocrx_word' id='word_1_352' title='bbox 3834 1105 3882 1160; x_wconf 92' lang='lat' dir='ltr'><strong>in</strong></span> 
     </span>
    </p>
   </div>
   <div class='ocr_carea' id='block_1_42' title="bbox 2290 1185 3881 1271">
    <p class='ocr_par' dir='ltr' id='par_1_42' title="bbox 2290 1185 3881 1271">
     <span class='ocr_line' id='line_1_42' title="bbox 2290 1185 3881 1271; baseline -0.003 -17"><span class='ocrx_word' id='word_1_353' title='bbox 2290 1209 2564 1269; x_wconf 87' lang='lat' dir='ltr'><strong>peccatum</strong></span> <span class='ocrx_word' id='word_1_354' title='bbox 2594 1200 2719 1255; x_wconf 91' lang='lat' dir='ltr'><strong>illud</strong></span> <span class='ocrx_word' id='word_1_355' title='bbox 2750 1201 2998 1271; x_wconf 85' lang='lat' dir='ltr'><strong>exiguum</strong></span> <span class='ocrx_word' id='word_1_356' title='bbox 3029 1199 3222 1254; x_wconf 86' lang='lat' dir='ltr'><strong>cadere</strong></span> <span class='ocrx_word' id='word_1_357' title='bbox 3249 1185 3548 1269; x_wconf 80' lang='lat' dir='ltr'><strong>permissus</strong></span> <span class='ocrx_word' id='word_1_358' title='bbox 3574 1198 3646 1253; x_wconf 89' lang='lat' dir='ltr'><strong>sit</strong></span> <span class='ocrx_word' id='word_1_359' title='bbox 3671 1239 3687 1261; x_wconf 86' lang='lat'><strong>,</strong></span> <span class='ocrx_word' id='word_1_360' title='bbox 3717 1207 3776 1252; x_wconf 92' lang='lat' dir='ltr'><strong>ut</strong></span> <span class='ocrx_word' id='word_1_361' title='bbox 3804 1199 3881 1251; x_wconf 65' lang='lat' dir='ltr'><strong>in.</strong></span> 
     </span>
    </p>
   </div>
   <div class='ocr_carea' id='block_1_43' title="bbox 2292 1288 3882 1362">
    <p class='ocr_par' dir='ltr' id='par_1_43' title="bbox 2292 1288 3882 1362">
     <span class='ocr_line' id='line_1_43' title="bbox 2292 1288 3882 1362; baseline -0.001 -18"><span class='ocrx_word' id='word_1_362' title='bbox 2292 1300 2441 1362; x_wconf 87' lang='lat' dir='ltr'><strong>tegro</strong></span> <span class='ocrx_word' id='word_1_363' title='bbox 2466 1292 2808 1362; x_wconf 82' lang='lat' dir='ltr'><strong>benignitatis</strong></span> <span class='ocrx_word' id='word_1_364' title='bbox 2844 1291 3041 1346; x_wconf 86' lang='lat' dir='ltr'><strong>amictu</strong></span> <span class='ocrx_word' id='word_1_365' title='bbox 3066 1290 3427 1346; x_wconf 84' lang='lat' dir='ltr'><strong>seindueret&#39;t</strong></span> <span class='ocrx_word' id='word_1_366' title='bbox 3469 1291 3696 1345; x_wconf 86' lang='lat' dir='ltr'><strong>Demum</strong></span> <span class='ocrx_word' id='word_1_367' title='bbox 3721 1329 3740 1355; x_wconf 96' lang='lat'><strong>,</strong></span> <span class='ocrx_word' id='word_1_368' title='bbox 3783 1288 3882 1344; x_wconf 85' lang='lat' dir='ltr'><strong>IIe-</strong></span> 
     </span>
    </p>
   </div>
   <div class='ocr_carea' id='block_1_44' title="bbox 2291 1381 3880 1451">
    <p class='ocr_par' dir='ltr' id='par_1_44' title="bbox 2291 1381 3880 1451">
     <span class='ocr_line' id='line_1_44' title="bbox 2291 1381 3880 1451; baseline 0 -17"><span class='ocrx_word' id='word_1_369' title='bbox 2291 1381 2382 1446; x_wconf 88' lang='lat' dir='ltr'><strong>lia,</strong></span> <span class='ocrx_word' id='word_1_370' title='bbox 2416 1381 2658 1437; x_wconf 91' lang='lat' dir='ltr'><strong>eruditus</strong></span> <span class='ocrx_word' id='word_1_371' title='bbox 2688 1397 2781 1447; x_wconf 89' lang='lat' dir='ltr'><strong>es;</strong></span> <span class='ocrx_word' id='word_1_372' title='bbox 2811 1392 2929 1436; x_wconf 90' lang='lat' dir='ltr'><strong>esto</strong></span> <span class='ocrx_word' id='word_1_373' title='bbox 2963 1382 3221 1451; x_wconf 85' lang='lat' dir='ltr'><strong>benignus</strong></span> <span class='ocrx_word' id='word_1_374' title='bbox 3254 1382 3392 1436; x_wconf 88' lang='lat' dir='ltr'><strong>sicut</strong></span> <span class='ocrx_word' id='word_1_375' title='bbox 3431 1381 3692 1436; x_wconf 85' lang='lat' dir='ltr'><strong>Dominus</strong></span> <span class='ocrx_word' id='word_1_376' title='bbox 3721 1390 3842 1435; x_wconf 90' lang='lat' dir='ltr'><strong>tuus</strong></span> <span class='ocrx_word' id='word_1_377' title='bbox 3862 1422 3880 1448; x_wconf 91' lang='lat'><strong>,</strong></span> 
     </span>
    </p>
   </div>
   <div class='ocr_carea' id='block_1_45' title="bbox 2292 1471 3882 1542">
    <p class='ocr_par' dir='ltr' id='par_1_45' title="bbox 2292 1471 3882 1542">
     <span class='ocr_line' id='line_1_45' title="bbox 2292 1471 3882 1542; baseline -0.001 -15"><span class='ocrx_word' id='word_1_378' title='bbox 2292 1482 2350 1527; x_wconf 91' lang='lat' dir='ltr'><strong>nt</strong></span> <span class='ocrx_word' id='word_1_379' title='bbox 2375 1473 2613 1528; x_wconf 89' lang='lat' dir='ltr'><strong>eruditus</strong></span> <span class='ocrx_word' id='word_1_380' title='bbox 2637 1488 2715 1536; x_wconf 87' lang='lat' dir='ltr'><strong>es,</strong></span> <span class='ocrx_word' id='word_1_381' title='bbox 2751 1482 2809 1526; x_wconf 92' lang='lat' dir='ltr'><strong>ut</strong></span> <span class='ocrx_word' id='word_1_382' title='bbox 2831 1471 3062 1526; x_wconf 89' lang='lat' dir='ltr'><strong>didicisti</strong></span> <span class='ocrx_word' id='word_1_383' title='bbox 3082 1487 3112 1525; x_wconf 88' lang='lat' dir='ltr'><strong>a</strong></span> <span class='ocrx_word' id='word_1_384' title='bbox 3138 1471 3364 1526; x_wconf 91' lang='lat' dir='ltr'><strong>Domino</strong></span> <span class='ocrx_word' id='word_1_385' title='bbox 3393 1479 3504 1525; x_wconf 90' lang='lat' dir='ltr'><strong>tuo.</strong></span> <span class='ocrx_word' id='word_1_386' title='bbox 3532 1471 3724 1527; x_wconf 82' lang='lat' dir='ltr'><strong>Vidisti</strong></span> <span class='ocrx_word' id='word_1_387' title='bbox 3751 1485 3882 1542; x_wconf 88' lang='lat' dir='ltr'><strong>quo-</strong></span> 
     </span>
    </p>
   </div>
   <div class='ocr_carea' id='block_1_46' title="bbox 2289 1560 3884 1632">
    <p class='ocr_par' dir='ltr' id='par_1_46' title="bbox 2289 1560 3884 1632">
     <span class='ocr_line' id='line_1_46' title="bbox 2289 1560 3884 1632; baseline -0.001 -15"><span class='ocrx_word' id='word_1_388' title='bbox 2289 1563 2449 1617; x_wconf 84' lang='lat' dir='ltr'><strong>modo</strong></span> <span class='ocrx_word' id='word_1_389' title='bbox 2489 1562 2789 1632; x_wconf 89' lang='lat' dir='ltr'><strong>permiserit</strong></span> <span class='ocrx_word' id='word_1_390' title='bbox 2831 1562 2970 1616; x_wconf 90' lang='lat' dir='ltr'><strong>Deus</strong></span> <span class='ocrx_word' id='word_1_391' title='bbox 3011 1561 3064 1615; x_wconf 91' lang='lat' dir='ltr'><strong>in</strong></span> <span class='ocrx_word' id='word_1_392' title='bbox 3099 1562 3346 1631; x_wconf 88' lang='lat' dir='ltr'><strong>exiguum</strong></span> <span class='ocrx_word' id='word_1_393' title='bbox 3383 1569 3659 1630; x_wconf 83' lang='lat' dir='ltr'><strong>peccatum</strong></span> <span class='ocrx_word' id='word_1_394' title='bbox 3690 1560 3884 1616; x_wconf 81' lang='lat' dir='ltr'><strong>cadere</strong></span> 
     </span>
    </p>
   </div>
   <div class='ocr_carea' id='block_1_47' title="bbox 2288 1652 3883 1723">
    <p class='ocr_par' dir='ltr' id='par_1_47' title="bbox 2288 1652 3883 1723">
     <span class='ocr_line' id='line_1_47' title="bbox 2288 1652 3883 1723; baseline -0.002 -12"><span class='ocrx_word' id='word_1_395' title='bbox 2288 1656 2570 1711; x_wconf 86' lang='lat' dir='ltr'><strong>columnas</strong></span> <span class='ocrx_word' id='word_1_396' title='bbox 2595 1655 2731 1718; x_wconf 88' lang='lat' dir='ltr'><strong>illas,</strong></span> <span class='ocrx_word' id='word_1_397' title='bbox 2763 1652 3180 1723; x_wconf 89' lang='lat' dir='ltr'><strong>propugnacula,</strong></span> <span class='ocrx_word' id='word_1_398' title='bbox 3204 1652 3418 1706; x_wconf 87' lang='lat' dir='ltr'><strong>turres?</strong></span> <span class='ocrx_word' id='word_1_399' title='bbox 3437 1666 3507 1706; x_wconf 87' lang='lat' dir='ltr'><strong>ne</strong></span> <span class='ocrx_word' id='word_1_400' title='bbox 3530 1652 3575 1705; x_wconf 95' lang='lat' dir='ltr'><strong>si</strong></span> <span class='ocrx_word' id='word_1_401' title='bbox 3605 1653 3830 1706; x_wconf 88' lang='lat' dir='ltr'><strong>omnino</strong></span> <span class='ocrx_word' id='word_1_402' title='bbox 3852 1667 3883 1708; x_wconf 83' lang='lat' dir='ltr'><strong>a</strong></span> 
     </span>
    </p>
   </div>
   <div class='ocr_carea' id='block_1_48' title="bbox 2289 1743 3884 1817">
    <p class='ocr_par' dir='ltr' id='par_1_48' title="bbox 2289 1743 3884 1817">
     <span class='ocr_line' id='line_1_48' title="bbox 2289 1743 3884 1817; baseline -0.001 -17"><span class='ocrx_word' id='word_1_403' title='bbox 2289 1749 2524 1817; x_wconf 84' lang='lat' dir='ltr'><strong>peccatis</strong></span> <span class='ocrx_word' id='word_1_404' title='bbox 2553 1757 2806 1816; x_wconf 80' lang='lat' dir='ltr'><strong>expertes</strong></span> <span class='ocrx_word' id='word_1_405' title='bbox 2834 1753 3053 1809; x_wconf 87' lang='lat' dir='ltr'><strong>essent,</strong></span> <span class='ocrx_word' id='word_1_406' title='bbox 3086 1759 3277 1799; x_wconf 88' lang='lat' dir='ltr'><strong>omnes</strong></span> <span class='ocrx_word' id='word_1_407' title='bbox 3300 1744 3369 1798; x_wconf 85' lang='lat' dir='ltr'><strong>ab</strong></span> <span class='ocrx_word' id='word_1_408' title='bbox 3394 1743 3635 1810; x_wconf 81' lang='lat' dir='ltr'><strong>Ecclesia</strong></span> <span class='ocrx_word' id='word_1_409' title='bbox 3665 1745 3884 1799; x_wconf 88' lang='lat' dir='ltr'><strong>exscin-</strong></span> 
     </span>
    </p>
   </div>
   <div class='ocr_carea' id='block_1_49' title="bbox 2286 1833 3886 1904">
    <p class='ocr_par' dir='ltr' id='par_1_49' title="bbox 2286 1833 3886 1904">
     <span class='ocr_line' id='line_1_49' title="bbox 2286 1833 3886 1904; baseline -0.001 -11"><span class='ocrx_word' id='word_1_410' title='bbox 2286 1838 2510 1901; x_wconf 87' lang='lat' dir='ltr'><strong>derent;</strong></span> <span class='ocrx_word' id='word_1_411' title='bbox 2543 1845 2602 1890; x_wconf 93' lang='lat' dir='ltr'><strong>ut</strong></span> <span class='ocrx_word' id='word_1_412' title='bbox 2619 1851 2740 1891; x_wconf 92' lang='lat' dir='ltr'><strong>cum</strong></span> <span class='ocrx_word' id='word_1_413' title='bbox 2786 1835 3019 1904; x_wconf 83' lang='lat' dir='ltr'><strong>aliquem</strong></span> <span class='ocrx_word' id='word_1_414' title='bbox 3063 1845 3370 1904; x_wconf 85' lang='lat' dir='ltr'><strong>peccantem</strong></span> <span class='ocrx_word' id='word_1_415' title='bbox 3411 1833 3685 1900; x_wconf 86' lang='lat' dir='ltr'><strong>viderint,</strong></span> <span class='ocrx_word' id='word_1_416' title='bbox 3723 1844 3886 1904; x_wconf 83' lang='lat' dir='ltr'><strong>atque</strong></span> 
     </span>
    </p>
   </div>
   <div class='ocr_carea' id='block_1_50' title="bbox 2285 1924 3887 1994">
    <p class='ocr_par' dir='ltr' id='par_1_50' title="bbox 2285 1924 3887 1994">
     <span class='ocr_line' id='line_1_50' title="bbox 2285 1924 3887 1994; baseline -0.001 -14"><span class='ocrx_word' id='word_1_417' title='bbox 2285 1927 2355 1981; x_wconf 89' lang='lat' dir='ltr'><strong>ad</strong></span> <span class='ocrx_word' id='word_1_418' title='bbox 2405 1926 2557 1981; x_wconf 91' lang='lat' dir='ltr'><strong>illum</strong></span> <span class='ocrx_word' id='word_1_419' title='bbox 2596 1929 2714 1982; x_wconf 89' lang='lat' dir='ltr'><strong>sine</strong></span> <span class='ocrx_word' id='word_1_420' title='bbox 2757 1925 3123 1981; x_wconf 82' lang='lat' dir='ltr'><strong>misericordia</strong></span> <span class='ocrx_word' id='word_1_421' title='bbox 3168 1924 3542 1993; x_wconf 86' lang='lat' dir='ltr'><strong>excipiendum</strong></span> <span class='ocrx_word' id='word_1_422' title='bbox 3574 1925 3734 1994; x_wconf 90' lang='lat' dir='ltr'><strong>proni</strong></span> <span class='ocrx_word' id='word_1_423' title='bbox 3770 1924 3887 1980; x_wconf 82' lang='lat' dir='ltr'><strong>fue-</strong></span> 
     </span>
    </p>
   </div>
   <div class='ocr_carea' id='block_1_51' title="bbox 2287 2015 3886 2088">
    <p class='ocr_par' dir='ltr' id='par_1_51' title="bbox 2287 2015 3886 2088">
     <span class='ocr_line' id='line_1_51' title="bbox 2287 2015 3886 2088; baseline 0 -16"><span class='ocrx_word' id='word_1_424' title='bbox 2287 2019 2412 2083; x_wconf 92' lang='lat' dir='ltr'><strong>rint,</strong></span> <span class='ocrx_word' id='word_1_425' title='bbox 2442 2017 2793 2072; x_wconf 89' lang='lat' dir='ltr'><strong>recordentur</strong></span> <span class='ocrx_word' id='word_1_426' title='bbox 2818 2017 3023 2088; x_wconf 86' lang='lat' dir='ltr'><strong>peccati</strong></span> <span class='ocrx_word' id='word_1_427' title='bbox 3039 2018 3142 2078; x_wconf 89' lang='lat' dir='ltr'><strong>sui,</strong></span> <span class='ocrx_word' id='word_1_428' title='bbox 3167 2025 3219 2071; x_wconf 90' lang='lat' dir='ltr'><strong>et</strong></span> <span class='ocrx_word' id='word_1_429' title='bbox 3247 2015 3490 2070; x_wconf 88' lang='lat' dir='ltr'><strong>eamdem</strong></span> <span class='ocrx_word' id='word_1_430' title='bbox 3515 2017 3565 2071; x_wconf 93' lang='lat' dir='ltr'><strong>ei</strong></span> <span class='ocrx_word' id='word_1_431' title='bbox 3591 2027 3886 2072; x_wconf 77' lang='lat' dir='ltr'><strong>exerceant</strong></span> 
     </span>
    </p>
   </div>
   <div class='ocr_carea' id='block_1_52' title="bbox 2285 2106 3883 2180">
    <p class='ocr_par' dir='ltr' id='par_1_52' title="bbox 2285 2106 3883 2180">
     <span class='ocr_line' id='line_1_52' title="bbox 2285 2106 3883 2180; baseline -0.003 -15"><span class='ocrx_word' id='word_1_432' title='bbox 2285 2109 2690 2180; x_wconf 84' lang='lat' dir='ltr'><strong>benignitatem,</strong></span> <span class='ocrx_word' id='word_1_433' title='bbox 2713 2123 2870 2177; x_wconf 87' lang='lat' dir='ltr'><strong>quam</strong></span> <span class='ocrx_word' id='word_1_434' title='bbox 2893 2116 2946 2162; x_wconf 92' lang='lat' dir='ltr'><strong>et</strong></span> <span class='ocrx_word' id='word_1_435' title='bbox 2967 2108 3064 2177; x_wconf 89' lang='lat' dir='ltr'><strong>ipsi</strong></span> <span class='ocrx_word' id='word_1_436' title='bbox 3088 2106 3403 2177; x_wconf 82' lang='lat' dir='ltr'><strong>consequuti</strong></span> <span class='ocrx_word' id='word_1_437' title='bbox 3425 2115 3549 2161; x_wconf 92' lang='lat' dir='ltr'><strong>sunt</strong></span> <span class='ocrx_word' id='word_1_438' title='bbox 3571 2123 3602 2161; x_wconf 87' lang='lat' dir='ltr'><strong>a</strong></span> <span class='ocrx_word' id='word_1_439' title='bbox 3627 2108 3883 2162; x_wconf 88' lang='lat' dir='ltr'><strong>Domino.</strong></span> 
     </span>
    </p>
   </div>
   <div class='ocr_carea' id='block_1_53' title="bbox 2284 2197 3882 2266">
    <p class='ocr_par' dir='ltr' id='par_1_53' title="bbox 2284 2197 3882 2266">
     <span class='ocr_line' id='line_1_53' title="bbox 2284 2197 3882 2266; baseline 0 -12"><span class='ocrx_word' id='word_1_440' title='bbox 2284 2199 2412 2254; x_wconf 57' lang='lat' dir='ltr'><strong>Habe</strong></span> <span class='ocrx_word' id='word_1_441' title='bbox 2431 2199 2681 2260; x_wconf 84' lang='lat' dir='ltr'><strong>diximus,</strong></span> <span class='ocrx_word' id='word_1_442' title='bbox 2712 2213 2819 2252; x_wconf 93' lang='lat' dir='ltr'><strong>non</strong></span> <span class='ocrx_word' id='word_1_443' title='bbox 2848 2197 3095 2266; x_wconf 88' lang='lat' dir='ltr'><strong>utjustos</strong></span> <span class='ocrx_word' id='word_1_444' title='bbox 3120 2197 3237 2251; x_wconf 88' lang='lat' dir='ltr'><strong>illos</strong></span> <span class='ocrx_word' id='word_1_445' title='bbox 3264 2211 3658 2262; x_wconf 86' lang='lat' dir='ltr'><strong>accusaremus,</strong></span> <span class='ocrx_word' id='word_1_446' title='bbox 3694 2198 3791 2254; x_wconf 82' lang='lat' dir='ltr'><strong>sed</strong></span> <span class='ocrx_word' id='word_1_447' title='bbox 3822 2207 3882 2254; x_wconf 90' lang='lat' dir='ltr'><strong>ut</strong></span> 
     </span>
    </p>
   </div>
   <div class='ocr_carea' id='block_1_54' title="bbox 2285 2287 3886 2358">
    <p class='ocr_par' dir='ltr' id='par_1_54' title="bbox 2285 2287 3886 2358">
     <span class='ocr_line' id='line_1_54' title="bbox 2285 2287 3886 2358; baseline 0.002 -17"><span class='ocrx_word' id='word_1_448' title='bbox 2285 2289 2436 2344; x_wconf 72' lang='lat' dir='ltr'><strong>vobis</strong></span> <span class='ocrx_word' id='word_1_449' title='bbox 2462 2291 2601 2343; x_wconf 88' lang='lat' dir='ltr'><strong>viam</strong></span> <span class='ocrx_word' id='word_1_450' title='bbox 2640 2287 2828 2343; x_wconf 90' lang='lat' dir='ltr'><strong>salutis</strong></span> <span class='ocrx_word' id='word_1_451' title='bbox 2867 2302 3328 2358; x_wconf 77' lang='lat' dir='ltr'><strong>praepararemus;</strong></span> <span class='ocrx_word' id='word_1_452' title='bbox 3374 2297 3431 2342; x_wconf 93' lang='lat' dir='ltr'><strong>ut</strong></span> <span class='ocrx_word' id='word_1_453' title='bbox 3464 2304 3587 2343; x_wconf 87' lang='lat' dir='ltr'><strong>cum</strong></span> <span class='ocrx_word' id='word_1_454' title='bbox 3617 2303 3886 2357; x_wconf 80' lang='lat' dir='ltr'><strong>peccave-</strong></span> 
     </span>
    </p>
   </div>
   <div class='ocr_carea' id='block_1_55' title="bbox 2284 2377 3885 2449">
    <p class='ocr_par' dir='ltr' id='par_1_55' title="bbox 2284 2377 3885 2449">
     <span class='ocr_line' id='line_1_55' title="bbox 2284 2377 3885 2449; baseline 0.001 -16"><span class='ocrx_word' id='word_1_455' title='bbox 2284 2379 2424 2446; x_wconf 87' lang='lat' dir='ltr'><strong>ritis,</strong></span> <span class='ocrx_word' id='word_1_456' title='bbox 2454 2395 2523 2434; x_wconf 88' lang='lat' dir='ltr'><strong>ne</strong></span> <span class='ocrx_word' id='word_1_457' title='bbox 2547 2379 2840 2449; x_wconf 88' lang='lat' dir='ltr'><strong>desperetis</strong></span> <span class='ocrx_word' id='word_1_458' title='bbox 2865 2377 2932 2433; x_wconf 84' lang='lat' dir='ltr'><strong>de</strong></span> <span class='ocrx_word' id='word_1_459' title='bbox 2961 2379 3132 2433; x_wconf 85' lang='lat' dir='ltr'><strong>salute</strong></span> <span class='ocrx_word' id='word_1_460' title='bbox 3161 2388 3371 2443; x_wconf 84' lang='lat' dir='ltr'><strong>vestra,</strong></span> <span class='ocrx_word' id='word_1_461' title='bbox 3412 2394 3681 2434; x_wconf 86' lang='lat' dir='ltr'><strong>memores</strong></span> <span class='ocrx_word' id='word_1_462' title='bbox 3702 2380 3885 2449; x_wconf 80' lang='lat' dir='ltr'><strong>justo-</strong></span> 
     </span>
    </p>
   </div>
   <div class='ocr_carea' id='block_1_56' title="bbox 2284 2471 3881 2542">
    <p class='ocr_par' dir='ltr' id='par_1_56' title="bbox 2284 2471 3881 2542">
     <span class='ocr_line' id='line_1_56' title="bbox 2284 2471 3881 2542; baseline 0.001 -16"><span class='ocrx_word' id='word_1_463' title='bbox 2284 2487 2403 2526; x_wconf 91' lang='lat' dir='ltr'><strong>rum</strong></span> <span class='ocrx_word' id='word_1_464' title='bbox 2453 2472 2662 2527; x_wconf 90' lang='lat' dir='ltr'><strong>illorum</strong></span> <span class='ocrx_word' id='word_1_465' title='bbox 2690 2512 2706 2534; x_wconf 87' lang='lat'><strong>,</strong></span> <span class='ocrx_word' id='word_1_466' title='bbox 2751 2471 2843 2542; x_wconf 90' lang='lat' dir='ltr'><strong>qui</strong></span> <span class='ocrx_word' id='word_1_467' title='bbox 2872 2471 3006 2541; x_wconf 85' lang='lat' dir='ltr'><strong>lapsi</strong></span> <span class='ocrx_word' id='word_1_468' title='bbox 3044 2479 3201 2538; x_wconf 89' lang='lat' dir='ltr'><strong>sunt,</strong></span> <span class='ocrx_word' id='word_1_469' title='bbox 3232 2479 3287 2524; x_wconf 90' lang='lat' dir='ltr'><strong>et</strong></span> <span class='ocrx_word' id='word_1_470' title='bbox 3309 2487 3402 2540; x_wconf 91' lang='lat' dir='ltr'><strong>per</strong></span> <span class='ocrx_word' id='word_1_471' title='bbox 3424 2472 3796 2540; x_wconf 76' lang='lat' dir='ltr'><strong>pmnitentiam</strong></span> <span class='ocrx_word' id='word_1_472' title='bbox 3826 2471 3881 2528; x_wconf 89' lang='lat' dir='ltr'><strong>in</strong></span> 
     </span>
    </p>
   </div>
   <div class='ocr_carea' id='block_1_57' title="bbox 2283 2560 3882 2631">
    <p class='ocr_par' dir='ltr' id='par_1_57' title="bbox 2283 2560 3882 2631">
     <span class='ocr_line' id='line_1_57' title="bbox 2283 2560 3882 2631; baseline -0.001 -13"><span class='ocrx_word' id='word_1_473' title='bbox 2283 2564 2473 2618; x_wconf 91' lang='lat' dir='ltr'><strong>eodem</strong></span> <span class='ocrx_word' id='word_1_474' title='bbox 2503 2579 2604 2619; x_wconf 90' lang='lat' dir='ltr'><strong>nec</strong></span> <span class='ocrx_word' id='word_1_475' title='bbox 2626 2564 2905 2618; x_wconf 87' lang='lat' dir='ltr'><strong>imminuto</strong></span> <span class='ocrx_word' id='word_1_476' title='bbox 2931 2561 3150 2616; x_wconf 87' lang='lat' dir='ltr'><strong>honoris</strong></span> <span class='ocrx_word' id='word_1_477' title='bbox 3170 2560 3336 2631; x_wconf 87' lang='lat' dir='ltr'><strong>gradu</strong></span> <span class='ocrx_word' id='word_1_478' title='bbox 3365 2571 3698 2616; x_wconf 86' lang='lat' dir='ltr'><strong>manserunt.</strong></span> <span class='ocrx_word' id='word_1_479' title='bbox 3729 2562 3882 2617; x_wconf 84' lang='lat' dir='ltr'><strong>Dixi-</strong></span> 
     </span>
    </p>
   </div>
   <div class='ocr_carea' id='block_1_58' title="bbox 2283 2652 3882 2723">
    <p class='ocr_par' dir='ltr' id='par_1_58' title="bbox 2283 2652 3882 2723">
     <span class='ocr_line' id='line_1_58' title="bbox 2283 2652 3882 2723; baseline -0.001 -15"><span class='ocrx_word' id='word_1_480' title='bbox 2283 2669 2404 2710; x_wconf 89' lang='lat' dir='ltr'><strong>mus</strong></span> <span class='ocrx_word' id='word_1_481' title='bbox 2455 2655 2626 2723; x_wconf 91' lang='lat' dir='ltr'><strong>primo</strong></span> <span class='ocrx_word' id='word_1_482' title='bbox 2664 2655 2875 2709; x_wconf 90' lang='lat' dir='ltr'><strong>illorum</strong></span> <span class='ocrx_word' id='word_1_483' title='bbox 2918 2654 3170 2717; x_wconf 84' lang='lat' dir='ltr'><strong>virtutes;</strong></span> <span class='ocrx_word' id='word_1_484' title='bbox 3212 2660 3270 2706; x_wconf 92' lang='lat' dir='ltr'><strong>et</strong></span> <span class='ocrx_word' id='word_1_485' title='bbox 3307 2652 3502 2707; x_wconf 85' lang='lat' dir='ltr'><strong>deinde</strong></span> <span class='ocrx_word' id='word_1_486' title='bbox 3537 2661 3756 2722; x_wconf 84' lang='lat' dir='ltr'><strong>peccata</strong></span> <span class='ocrx_word' id='word_1_487' title='bbox 3798 2652 3882 2707; x_wconf 87' lang='lat' dir='ltr'><strong>in-</strong></span> 
     </span>
    </p>
   </div>
   <div class='ocr_carea' id='block_1_59' title="bbox 2281 2745 3882 2816">
    <p class='ocr_par' dir='ltr' id='par_1_59' title="bbox 2281 2745 3882 2816">
     <span class='ocr_line' id='line_1_59' title="bbox 2281 2745 3882 2816; baseline -0.001 -14"><span class='ocrx_word' id='word_1_488' title='bbox 2281 2749 2545 2802; x_wconf 78' lang='lat' dir='ltr'><strong>duximus.</strong></span> <span class='ocrx_word' id='word_1_489' title='bbox 2573 2748 2637 2801; x_wconf 85' lang='lat' dir='ltr'><strong>Et</strong></span> <span class='ocrx_word' id='word_1_490' title='bbox 2667 2755 2720 2802; x_wconf 90' lang='lat' dir='ltr'><strong>tu</strong></span> <span class='ocrx_word' id='word_1_491' title='bbox 2750 2747 2912 2815; x_wconf 85' lang='lat' dir='ltr'><strong>igitur</strong></span> <span class='ocrx_word' id='word_1_492' title='bbox 2939 2747 2983 2800; x_wconf 90' lang='lat' dir='ltr'><strong>si</strong></span> <span class='ocrx_word' id='word_1_493' title='bbox 3027 2753 3277 2816; x_wconf 88' lang='lat' dir='ltr'><strong>peccator</strong></span> <span class='ocrx_word' id='word_1_494' title='bbox 3300 2759 3380 2810; x_wconf 88' lang='lat' dir='ltr'><strong>es,</strong></span> <span class='ocrx_word' id='word_1_495' title='bbox 3411 2760 3479 2798; x_wconf 89' lang='lat' dir='ltr'><strong>ne</strong></span> <span class='ocrx_word' id='word_1_496' title='bbox 3504 2747 3652 2800; x_wconf 87' lang='lat' dir='ltr'><strong>absis</strong></span> <span class='ocrx_word' id='word_1_497' title='bbox 3678 2745 3750 2800; x_wconf 90' lang='lat' dir='ltr'><strong>ab</strong></span> <span class='ocrx_word' id='word_1_498' title='bbox 3777 2745 3882 2801; x_wconf 82' lang='lat' dir='ltr'><strong>Eo-</strong></span> 
     </span>
    </p>
   </div>
   <div class='ocr_carea' id='block_1_60' title="bbox 2280 2837 3879 2908">
    <p class='ocr_par' dir='ltr' id='par_1_60' title="bbox 2280 2837 3879 2908">
     <span class='ocr_line' id='line_1_60' title="bbox 2280 2837 3879 2908; baseline -0.001 -13"><span class='ocrx_word' id='word_1_499' title='bbox 2280 2841 2441 2895; x_wconf 91' lang='lat' dir='ltr'><strong>clesia</strong></span> <span class='ocrx_word' id='word_1_500' title='bbox 2469 2856 2484 2906; x_wconf 89' lang='lat'><strong>;</strong></span> <span class='ocrx_word' id='word_1_501' title='bbox 2519 2840 2561 2894; x_wconf 92' lang='lat' dir='ltr'><strong>si</strong></span> <span class='ocrx_word' id='word_1_502' title='bbox 2589 2838 2784 2908; x_wconf 86' lang='lat' dir='ltr'><strong>justus,</strong></span> <span class='ocrx_word' id='word_1_503' title='bbox 2817 2854 2886 2893; x_wconf 91' lang='lat' dir='ltr'><strong>ne</strong></span> <span class='ocrx_word' id='word_1_504' title='bbox 2910 2837 3055 2892; x_wconf 87' lang='lat' dir='ltr'><strong>absis</strong></span> <span class='ocrx_word' id='word_1_505' title='bbox 3080 2839 3236 2904; x_wconf 88' lang='lat' dir='ltr'><strong>item,</strong></span> <span class='ocrx_word' id='word_1_506' title='bbox 3268 2846 3327 2892; x_wconf 92' lang='lat' dir='ltr'><strong>ut</strong></span> <span class='ocrx_word' id='word_1_507' title='bbox 3355 2837 3752 2908; x_wconf 87' lang='lat' dir='ltr'><strong>Scripturarum</strong></span> <span class='ocrx_word' id='word_1_508' title='bbox 3775 2853 3879 2893; x_wconf 88' lang='lat' dir='ltr'><strong>no-</strong></span> 
     </span>
    </p>
   </div>
   <div class='ocr_carea' id='block_1_61' title="bbox 2281 2931 3880 3002">
    <p class='ocr_par' dir='ltr' id='par_1_61' title="bbox 2281 2931 3880 3002">
     <span class='ocr_line' id='line_1_61' title="bbox 2281 2931 3880 3002; baseline 0 -15"><span class='ocrx_word' id='word_1_509' title='bbox 2281 2933 2450 2987; x_wconf 88' lang='lat' dir='ltr'><strong>titiam</strong></span> <span class='ocrx_word' id='word_1_510' title='bbox 2495 2943 2814 3002; x_wconf 68' lang='lat' dir='ltr'><strong>prassentem</strong></span> <span class='ocrx_word' id='word_1_511' title='bbox 2847 2931 3048 2986; x_wconf 88' lang='lat' dir='ltr'><strong>habens</strong></span> <span class='ocrx_word' id='word_1_512' title='bbox 3069 2931 3244 3000; x_wconf 84' lang='lat' dir='ltr'><strong>justus</strong></span> <span class='ocrx_word' id='word_1_513' title='bbox 3281 2945 3634 3001; x_wconf 88' lang='lat' dir='ltr'><strong>permaneas,</strong></span> <span class='ocrx_word' id='word_1_514' title='bbox 3665 2945 3880 2987; x_wconf 85' lang='lat' dir='ltr'><strong>memor</strong></span> 
     </span>
    </p>
   </div>
   <div class='ocr_carea' id='block_1_62' title="bbox 2280 3021 3879 3093">
    <p class='ocr_par' dir='ltr' id='par_1_62' title="bbox 2280 3021 3879 3093">
     <span class='ocr_line' id='line_1_62' title="bbox 2280 3021 3879 3093; baseline 0 -16"><span class='ocrx_word' id='word_1_515' title='bbox 2280 3023 2429 3093; x_wconf 89' lang='lat' dir='ltr'><strong>regni</strong></span> <span class='ocrx_word' id='word_1_516' title='bbox 2450 3023 2704 3077; x_wconf 76' lang='lat' dir='ltr'><strong>czelorum</strong></span> <span class='ocrx_word' id='word_1_517' title='bbox 2729 3063 2744 3086; x_wconf 87' lang='lat'><strong>,</strong></span> <span class='ocrx_word' id='word_1_518' title='bbox 2778 3031 2832 3076; x_wconf 91' lang='lat' dir='ltr'><strong>et</strong></span> <span class='ocrx_word' id='word_1_519' title='bbox 2869 3021 3131 3076; x_wconf 89' lang='lat' dir='ltr'><strong>bonorum</strong></span> <span class='ocrx_word' id='word_1_520' title='bbox 3157 3062 3172 3088; x_wconf 90' lang='lat'><strong>,</strong></span> <span class='ocrx_word' id='word_1_521' title='bbox 3216 3037 3335 3091; x_wconf 76' lang='lat' dir='ltr'><strong>qua:</strong></span> <span class='ocrx_word' id='word_1_522' title='bbox 3382 3022 3705 3091; x_wconf 62' lang='lat' dir='ltr'><strong>prmparavit</strong></span> <span class='ocrx_word' id='word_1_523' title='bbox 3731 3021 3879 3077; x_wconf 87' lang='lat' dir='ltr'><strong>Deus</strong></span> 
     </span>
    </p>
   </div>
   <div class='ocr_carea' id='block_1_63' title="bbox 2278 3111 3878 3184">
    <p class='ocr_par' dir='ltr' id='par_1_63' title="bbox 2278 3111 3878 3184">
     <span class='ocr_line' id='line_1_63' title="bbox 2278 3111 3878 3184; baseline -0.001 -15"><span class='ocrx_word' id='word_1_524' title='bbox 2278 3112 2620 3184; x_wconf 88' lang='lat' dir='ltr'><strong>diligentibus</strong></span> <span class='ocrx_word' id='word_1_525' title='bbox 2644 3128 2702 3168; x_wconf 90' lang='lat' dir='ltr'><strong>se</strong></span> <span class='ocrx_word' id='word_1_526' title='bbox 2733 3129 2747 3165; x_wconf 90' lang='lat'><strong>:</strong></span> <span class='ocrx_word' id='word_1_527' title='bbox 2776 3113 2896 3184; x_wconf 89' lang='lat' dir='ltr'><strong>quia</strong></span> <span class='ocrx_word' id='word_1_528' title='bbox 2925 3112 3098 3182; x_wconf 88' lang='lat' dir='ltr'><strong>ipsum</strong></span> <span class='ocrx_word' id='word_1_529' title='bbox 3125 3111 3280 3168; x_wconf 88' lang='lat' dir='ltr'><strong>decet</strong></span> <span class='ocrx_word' id='word_1_530' title='bbox 3303 3112 3475 3182; x_wconf 82' lang='lat' dir='ltr'><strong>gloria</strong></span> <span class='ocrx_word' id='word_1_531' title='bbox 3497 3127 3618 3167; x_wconf 89' lang='lat' dir='ltr'><strong>cum</strong></span> <span class='ocrx_word' id='word_1_532' title='bbox 3649 3111 3790 3166; x_wconf 79' lang='lat' dir='ltr'><strong>Filio</strong></span> <span class='ocrx_word' id='word_1_533' title='bbox 3816 3120 3878 3168; x_wconf 85' lang='lat' dir='ltr'><strong>et</strong></span> 
     </span>
    </p>
   </div>
   <div class='ocr_carea' id='block_1_64' title="bbox 2279 3203 3876 3274">
    <p class='ocr_par' dir='ltr' id='par_1_64' title="bbox 2279 3203 3876 3274">
     <span class='ocr_line' id='line_1_64' title="bbox 2279 3203 3876 3274; baseline 0.001 -16"><span class='ocrx_word' id='word_1_534' title='bbox 2279 3214 2465 3258; x_wconf 85' lang='lat' dir='ltr'><strong>sancte</strong></span> <span class='ocrx_word' id='word_1_535' title='bbox 2490 3203 2688 3273; x_wconf 92' lang='lat' dir='ltr'><strong>Spiritu</strong></span> <span class='ocrx_word' id='word_1_536' title='bbox 2709 3245 2724 3272; x_wconf 91' lang='lat'><strong>,</strong></span> <span class='ocrx_word' id='word_1_537' title='bbox 2757 3219 2899 3259; x_wconf 91' lang='lat' dir='ltr'><strong>nunc</strong></span> <span class='ocrx_word' id='word_1_538' title='bbox 2925 3214 2980 3260; x_wconf 89' lang='lat' dir='ltr'><strong>et</strong></span> <span class='ocrx_word' id='word_1_539' title='bbox 3008 3218 3226 3274; x_wconf 88' lang='lat' dir='ltr'><strong>semper</strong></span> <span class='ocrx_word' id='word_1_540' title='bbox 3247 3246 3262 3270; x_wconf 92' lang='lat'><strong>,</strong></span> <span class='ocrx_word' id='word_1_541' title='bbox 3306 3213 3358 3259; x_wconf 87' lang='lat' dir='ltr'><strong>et</strong></span> <span class='ocrx_word' id='word_1_542' title='bbox 3389 3204 3443 3260; x_wconf 92' lang='lat' dir='ltr'><strong>in</strong></span> <span class='ocrx_word' id='word_1_543' title='bbox 3471 3206 3667 3260; x_wconf 70' lang='lat' dir='ltr'><strong>saecula</strong></span> <span class='ocrx_word' id='word_1_544' title='bbox 3695 3220 3876 3261; x_wconf 71' lang='lat' dir='ltr'><strong>sm-</strong></span> 
     </span>
    </p>
   </div>
   <div class='ocr_carea' id='block_1_65' title="bbox 2278 3295 2694 3352">
    <p class='ocr_par' dir='ltr' id='par_1_65' title="bbox 2278 3295 2694 3352">
     <span class='ocr_line' id='line_1_65' title="bbox 2278 3295 2694 3352; baseline -0.002 -1"><span class='ocrx_word' id='word_1_545' title='bbox 2278 3295 2472 3352; x_wconf 87' lang='lat' dir='ltr'><strong>Iormn.</strong></span> <span class='ocrx_word' id='word_1_546' title='bbox 2503 3298 2694 3352; x_wconf 81' lang='lat' dir='ltr'><strong>Amen.</strong></span> 
     </span>
    </p>
   </div>
   <div class='ocr_carea' id='block_1_66' title="bbox 1551 4182 2903 4256">
    <p class='ocr_par' dir='ltr' id='par_1_66' title="bbox 1551 4182 2903 4256">
     <span class='ocr_line' id='line_1_66' title="bbox 1551 4182 2903 4256; baseline 0.01 -13"><span class='ocrx_word' id='word_1_547' title='bbox 1551 4182 1650 4244; x_wconf 89' lang='lat' dir='ltr'><strong>DE</strong></span> <span class='ocrx_word' id='word_1_548' title='bbox 1701 4185 2017 4249; x_wconf 78' lang='lat' dir='ltr'><strong>HOMILIA</strong></span> <span class='ocrx_word' id='word_1_549' title='bbox 2059 4189 2140 4250; x_wconf 89' lang='lat' dir='ltr'><strong>IN</strong></span> <span class='ocrx_word' id='word_1_550' title='bbox 2176 4191 2487 4254; x_wconf 81' lang='lat' dir='ltr'><strong>BEATUM</strong></span> <span class='ocrx_word' id='word_1_551' title='bbox 2529 4193 2903 4256; x_wconf 82' lang='lat' dir='ltr'><strong>ABRAHAM</strong></span> 
     </span>
    </p>
   </div>
   <div class='ocr_carea' id='block_1_67' title="bbox 669 4447 3870 4540">
    <p class='ocr_par' dir='ltr' id='par_1_67' title="bbox 669 4447 3870 4540">
     <span class='ocr_line' id='line_1_67' title="bbox 669 4447 3870 4540; baseline 0.006 -36"><span class='ocrx_word' id='word_1_552' title='bbox 669 4447 818 4508; x_wconf 84' lang='lat' dir='ltr'><strong>Hanc</strong></span> <span class='ocrx_word' id='word_1_553' title='bbox 858 4452 1134 4509; x_wconf 90' lang='lat' dir='ltr'><strong>homiliam</strong></span> <span class='ocrx_word' id='word_1_554' title='bbox 1176 4470 1282 4510; x_wconf 88' lang='lat' dir='ltr'><strong>non</strong></span> <span class='ocrx_word' id='word_1_555' title='bbox 1308 4457 1466 4526; x_wconf 86' lang='lat' dir='ltr'><strong>pauci</strong></span> <span class='ocrx_word' id='word_1_556' title='bbox 1507 4457 1650 4513; x_wconf 93' lang='lat' dir='ltr'><strong>docti</strong></span> <span class='ocrx_word' id='word_1_557' title='bbox 1687 4459 1787 4514; x_wconf 89' lang='lat' dir='ltr'><strong>viri</strong></span> <span class='ocrx_word' id='word_1_558' title='bbox 1817 4462 1973 4531; x_wconf 87' lang='lat' dir='ltr'><strong>quasi</strong></span> <span class='ocrx_word' id='word_1_559' title='bbox 2006 4462 2272 4534; x_wconf 85' lang='lat' dir='ltr'><strong>principio</strong></span> <span class='ocrx_word' id='word_1_560' title='bbox 2304 4474 2359 4520; x_wconf 91' lang='lat' dir='ltr'><strong>et</strong></span> <span class='ocrx_word' id='word_1_561' title='bbox 2399 4465 2504 4520; x_wconf 86' lang='lat' dir='ltr'><strong>line</strong></span> <span class='ocrx_word' id='word_1_562' title='bbox 2524 4467 2769 4522; x_wconf 86' lang='lat' dir='ltr'><strong>mutilam</strong></span> <span class='ocrx_word' id='word_1_563' title='bbox 2801 4468 3038 4524; x_wconf 89' lang='lat' dir='ltr'><strong>habuere</strong></span> <span class='ocrx_word' id='word_1_564' title='bbox 3073 4486 3087 4523; x_wconf 91' lang='lat'><strong>:</strong></span> <span class='ocrx_word' id='word_1_565' title='bbox 3115 4476 3169 4523; x_wconf 90' lang='lat' dir='ltr'><strong>et</strong></span> <span class='ocrx_word' id='word_1_566' title='bbox 3197 4467 3418 4540; x_wconf 84' lang='lat' dir='ltr'><strong>quidem</strong></span> <span class='ocrx_word' id='word_1_567' title='bbox 3443 4465 3589 4536; x_wconf 81' lang='lat' dir='ltr'><strong>quod</strong></span> <span class='ocrx_word' id='word_1_568' title='bbox 3627 4467 3870 4524; x_wconf 87' lang='lat' dir='ltr'><strong>antehac</strong></span> 
     </span>
    </p>
   </div>
   <div class='ocr_carea' id='block_1_68' title="bbox 598 4564 3865 4648">
    <p class='ocr_par' dir='ltr' id='par_1_68' title="bbox 598 4564 3865 4648">
     <span class='ocr_line' id='line_1_68' title="bbox 598 4564 3865 4648; baseline 0.006 -32"><span class='ocrx_word' id='word_1_569' title='bbox 598 4564 650 4617; x_wconf 92' lang='lat' dir='ltr'><strong>in</strong></span> <span class='ocrx_word' id='word_1_570' title='bbox 679 4566 784 4618; x_wconf 78' lang='lat' dir='ltr'><strong>fine</strong></span> <span class='ocrx_word' id='word_1_571' title='bbox 815 4583 920 4623; x_wconf 90' lang='lat' dir='ltr'><strong>non</strong></span> <span class='ocrx_word' id='word_1_572' title='bbox 950 4572 1138 4625; x_wconf 88' lang='lat' dir='ltr'><strong>mutila</strong></span> <span class='ocrx_word' id='word_1_573' title='bbox 1157 4575 1338 4638; x_wconf 91' lang='lat' dir='ltr'><strong>modo,</strong></span> <span class='ocrx_word' id='word_1_574' title='bbox 1374 4573 1467 4628; x_wconf 85' lang='lat' dir='ltr'><strong>sed</strong></span> <span class='ocrx_word' id='word_1_575' title='bbox 1494 4575 1667 4630; x_wconf 86' lang='lat' dir='ltr'><strong>media</strong></span> <span class='ocrx_word' id='word_1_576' title='bbox 1694 4577 1779 4630; x_wconf 90' lang='lat' dir='ltr'><strong>sui</strong></span> <span class='ocrx_word' id='word_1_577' title='bbox 1809 4583 1958 4643; x_wconf 87' lang='lat' dir='ltr'><strong>parte</strong></span> <span class='ocrx_word' id='word_1_578' title='bbox 1989 4584 2238 4630; x_wconf 90' lang='lat' dir='ltr'><strong>truncata</strong></span> <span class='ocrx_word' id='word_1_579' title='bbox 2274 4573 2457 4636; x_wconf 88' lang='lat' dir='ltr'><strong>fuerit.</strong></span> <span class='ocrx_word' id='word_1_580' title='bbox 2484 4575 2596 4645; x_wconf 80' lang='lat' dir='ltr'><strong>jam</strong></span> <span class='ocrx_word' id='word_1_581' title='bbox 2629 4577 2989 4645; x_wconf 85' lang='lat' dir='ltr'><strong>conspicuum</strong></span> <span class='ocrx_word' id='word_1_582' title='bbox 3019 4585 3124 4641; x_wconf 87' lang='lat' dir='ltr'><strong>est,</strong></span> <span class='ocrx_word' id='word_1_583' title='bbox 3158 4578 3379 4648; x_wconf 86' lang='lat' dir='ltr'><strong>quando</strong></span> <span class='ocrx_word' id='word_1_584' title='bbox 3401 4593 3524 4633; x_wconf 76' lang='lat' dir='ltr'><strong>eam</strong></span> <span class='ocrx_word' id='word_1_585' title='bbox 3559 4592 3628 4631; x_wconf 86' lang='lat' dir='ltr'><strong>ex</strong></span> <span class='ocrx_word' id='word_1_586' title='bbox 3663 4577 3865 4634; x_wconf 70' lang='lat' dir='ltr'><strong>Manu-</strong></span> 
     </span>
    </p>
   </div>
   <div class='ocr_carea' id='block_1_69' title="bbox 596 4677 3864 4764">
    <p class='ocr_par' dir='ltr' id='par_1_69' title="bbox 596 4677 3864 4764">
     <span class='ocr_line' id='line_1_69' title="bbox 596 4677 3864 4764; baseline 0.006 -34"><span class='ocrx_word' id='word_1_587' title='bbox 596 4677 810 4746; x_wconf 86' lang='lat' dir='ltr'><strong>scriptis</strong></span> <span class='ocrx_word' id='word_1_588' title='bbox 844 4679 1228 4749; x_wconf 86' lang='lat' dir='ltr'><strong>Ottoboniano,</strong></span> <span class='ocrx_word' id='word_1_589' title='bbox 1263 4683 1599 4740; x_wconf 83' lang='lat' dir='ltr'><strong>Coisliniano</strong></span> <span class='ocrx_word' id='word_1_590' title='bbox 1632 4695 1688 4741; x_wconf 94' lang='lat' dir='ltr'><strong>et</strong></span> <span class='ocrx_word' id='word_1_591' title='bbox 1712 4687 2026 4742; x_wconf 89' lang='lat' dir='ltr'><strong>Colbertino</strong></span> <span class='ocrx_word' id='word_1_592' title='bbox 2077 4702 2188 4741; x_wconf 91' lang='lat' dir='ltr'><strong>uno</strong></span> <span class='ocrx_word' id='word_1_593' title='bbox 2221 4687 2486 4758; x_wconf 85' lang='lat' dir='ltr'><strong>integram</strong></span> <span class='ocrx_word' id='word_1_594' title='bbox 2522 4689 2737 4744; x_wconf 89' lang='lat' dir='ltr'><strong>damus.</strong></span> <span class='ocrx_word' id='word_1_595' title='bbox 2795 4688 2950 4756; x_wconf 86' lang='lat' dir='ltr'><strong>Quod</strong></span> <span class='ocrx_word' id='word_1_596' title='bbox 3008 4699 3189 4746; x_wconf 89' lang='lat' dir='ltr'><strong>autem</strong></span> <span class='ocrx_word' id='word_1_597' title='bbox 3226 4692 3382 4746; x_wconf 89' lang='lat' dir='ltr'><strong>initio</strong></span> <span class='ocrx_word' id='word_1_598' title='bbox 3431 4692 3566 4746; x_wconf 92' lang='lat' dir='ltr'><strong>nihil</strong></span> <span class='ocrx_word' id='word_1_599' title='bbox 3605 4708 3864 4764; x_wconf 87' lang='lat' dir='ltr'><strong>unquam</strong></span> 
     </span>
    </p>
   </div>
   <div class='ocr_carea' id='block_1_70' title="bbox 596 4792 3864 4876">
    <p class='ocr_par' dir='ltr' id='par_1_70' title="bbox 596 4792 3864 4876">
     <span class='ocr_line' id='line_1_70' title="bbox 596 4792 3864 4876; baseline 0.007 -32"><span class='ocrx_word' id='word_1_600' title='bbox 596 4792 824 4849; x_wconf 78' lang='lat' dir='ltr'><strong>defuerit</strong></span> <span class='ocrx_word' id='word_1_601' title='bbox 862 4811 984 4852; x_wconf 92' lang='lat' dir='ltr'><strong>cum</strong></span> <span class='ocrx_word' id='word_1_602' title='bbox 1021 4799 1095 4854; x_wconf 88' lang='lat' dir='ltr'><strong>illi</strong></span> <span class='ocrx_word' id='word_1_603' title='bbox 1136 4799 1489 4871; x_wconf 72' lang='lat' dir='ltr'><strong>Blanuscripti</strong></span> <span class='ocrx_word' id='word_1_604' title='bbox 1529 4811 1580 4857; x_wconf 90' lang='lat' dir='ltr'><strong>et</strong></span> <span class='ocrx_word' id='word_1_605' title='bbox 1620 4811 1730 4858; x_wconf 87' lang='lat' dir='ltr'><strong>tres</strong></span> <span class='ocrx_word' id='word_1_606' title='bbox 1760 4803 1851 4857; x_wconf 89' lang='lat' dir='ltr'><strong>alii</strong></span> <span class='ocrx_word' id='word_1_607' title='bbox 1892 4803 2142 4866; x_wconf 86' lang='lat' dir='ltr'><strong>suadent.</strong></span> <span class='ocrx_word' id='word_1_608' title='bbox 2195 4804 2291 4874; x_wconf 88' lang='lat' dir='ltr'><strong>qui</strong></span> <span class='ocrx_word' id='word_1_609' title='bbox 2323 4804 2465 4858; x_wconf 90' lang='lat' dir='ltr'><strong>idem</strong></span> <span class='ocrx_word' id='word_1_610' title='bbox 2514 4805 2695 4875; x_wconf 89' lang='lat' dir='ltr'><strong>ipsum</strong></span> <span class='ocrx_word' id='word_1_611' title='bbox 2726 4805 3054 4875; x_wconf 91' lang='lat' dir='ltr'><strong>principium</strong></span> <span class='ocrx_word' id='word_1_612' title='bbox 3079 4806 3319 4863; x_wconf 79' lang='lat' dir='ltr'><strong>efferunt</strong></span> <span class='ocrx_word' id='word_1_613' title='bbox 3345 4809 3464 4864; x_wconf 91' lang='lat' dir='ltr'><strong>sine</strong></span> <span class='ocrx_word' id='word_1_614' title='bbox 3497 4810 3864 4876; x_wconf 87' lang='lat' dir='ltr'><strong>discrimine;</strong></span> 
     </span>
    </p>
   </div>
   <div class='ocr_carea' id='block_1_71' title="bbox 595 4916 2183 4996">
    <p class='ocr_par' dir='ltr' id='par_1_71' title="bbox 595 4916 2180 4993">
     <span class='ocr_line' id='line_1_71' title="bbox 595 4916 2180 4993; baseline 0.006 -27"><span class='ocrx_word' id='word_1_615' title='bbox 595 4923 706 4966; x_wconf 89' lang='lat' dir='ltr'><strong>tum</strong></span> <span class='ocrx_word' id='word_1_616' title='bbox 749 4916 913 4969; x_wconf 88' lang='lat' dir='ltr'><strong>etiam</strong></span> <span class='ocrx_word' id='word_1_617' title='bbox 977 4918 1220 4973; x_wconf 87' lang='lat' dir='ltr'><strong>ordiendi</strong></span> <span class='ocrx_word' id='word_1_618' title='bbox 1282 4921 1478 4976; x_wconf 89' lang='lat' dir='ltr'><strong>modus</strong></span> <span class='ocrx_word' id='word_1_619' title='bbox 1527 4921 1920 4992; x_wconf 82' lang='lat' dir='ltr'><strong>Chrysostomo</strong></span> <span class='ocrx_word' id='word_1_620' title='bbox 1973 4937 2180 4993; x_wconf 86' lang='lat' dir='ltr'><strong>perqua</strong></span> 
     </span>
    </p>
   </div>
   <div class='ocr_carea' id='block_1_72' title="bbox 2286 4916 3870 4996">
    <p class='ocr_par' dir='ltr' id='par_1_72' title="bbox 2286 4921 3870 4996">
     <span class='ocr_line' id='line_1_72' title="bbox 2286 4921 3870 4996; baseline 0.003 -21"><span class='ocrx_word' id='word_1_621' title='bbox 2286 4921 2573 4978; x_wconf 82' lang='lat' dir='ltr'><strong>familiaris</strong></span> <span class='ocrx_word' id='word_1_622' title='bbox 2615 4944 2627 4978; x_wconf 93' lang='lat'><strong>:</strong></span> <span class='ocrx_word' id='word_1_623' title='bbox 2688 4923 2875 4978; x_wconf 78' lang='grc' dir='ltr'><strong>Εἴδετε</strong></span> <span class='ocrx_word' id='word_1_624' title='bbox 2929 4923 3121 4978; x_wconf 74' lang='grc' dir='ltr'><strong>πολιὰν</strong></span> <span class='ocrx_word' id='word_1_625' title='bbox 3170 4925 3492 4996; x_wconf 78' lang='grc' dir='ltr'><strong>σφριγῶσαν</strong></span> <span class='ocrx_word' id='word_1_626' title='bbox 3534 4926 3630 4978; x_wconf 66' lang='grc' dir='ltr'>καὶ</span> <span class='ocrx_word' id='word_1_627' title='bbox 3677 4927 3870 4996; x_wconf 78' lang='grc' dir='ltr'><strong>γῆρας</strong></span> 
     </span>
    </p>
   </div>
   <div class='ocr_carea' id='block_1_73' title="bbox 594 5031 3862 5112">
    <p class='ocr_par' dir='ltr' id='par_1_73' title="bbox 594 5031 3862 5112">
     <span class='ocr_line' id='line_1_73' title="bbox 594 5031 3862 5112; baseline 0.006 -30"><span class='ocrx_word' id='word_1_628' title='bbox 594 5031 870 5100; x_wconf 76' lang='grc' dir='ltr'><strong>ἀκμάζον;</strong></span> <span class='ocrx_word' id='word_1_629' title='bbox 912 5033 1128 5091; x_wconf 82' lang='lat' dir='ltr'><strong>Vidistis</strong></span> <span class='ocrx_word' id='word_1_630' title='bbox 1152 5039 1398 5091; x_wconf 83' lang='lat' dir='ltr'><strong>canitiem</strong></span> <span class='ocrx_word' id='word_1_631' title='bbox 1431 5049 1682 5109; x_wconf 81' lang='lat' dir='ltr'><strong>vegetam,</strong></span> <span class='ocrx_word' id='word_1_632' title='bbox 1717 5047 1766 5092; x_wconf 88' lang='lat' dir='ltr'><strong>et</strong></span> <span class='ocrx_word' id='word_1_633' title='bbox 1797 5038 2046 5107; x_wconf 76' lang='lat' dir='ltr'><strong>ﬂoridam</strong></span> <span class='ocrx_word' id='word_1_634' title='bbox 2078 5048 2393 5094; x_wconf 81' lang='lat' dir='ltr'><strong>senectutem</strong></span> <span class='ocrx_word' id='word_1_635' title='bbox 2426 5043 2452 5096; x_wconf 82' lang='lat'><strong>?</strong></span> <span class='ocrx_word' id='word_1_636' title='bbox 2473 5042 2538 5095; x_wconf 76' lang='lat' dir='ltr'><strong>At</strong></span> <span class='ocrx_word' id='word_1_637' title='bbox 2580 5043 2680 5096; x_wconf 91' lang='lat' dir='ltr'><strong>hoc</strong></span> <span class='ocrx_word' id='word_1_638' title='bbox 2730 5041 3082 5111; x_wconf 88' lang='lat' dir='ltr'><strong>principium,</strong></span> <span class='ocrx_word' id='word_1_639' title='bbox 3115 5041 3390 5112; x_wconf 89' lang='lat' dir='ltr'><strong>inquiunt,</strong></span> <span class='ocrx_word' id='word_1_640' title='bbox 3424 5044 3527 5099; x_wconf 79' lang='lat' dir='ltr'><strong>alia</strong></span> <span class='ocrx_word' id='word_1_641' title='bbox 3553 5055 3678 5099; x_wconf 89' lang='lat' dir='ltr'><strong>ante</strong></span> <span class='ocrx_word' id='word_1_642' title='bbox 3708 5044 3862 5101; x_wconf 88' lang='lat' dir='ltr'><strong>dicta</strong></span> 
     </span>
    </p>
   </div>
   <div class='ocr_carea' id='block_1_74' title="bbox 592 5151 3865 5228">
    <p class='ocr_par' dir='ltr' id='par_1_74' title="bbox 592 5151 3865 5228">
     <span class='ocr_line' id='line_1_74' title="bbox 592 5151 3865 5228; baseline 0.005 -27"><span class='ocrx_word' id='word_1_643' title='bbox 592 5151 864 5215; x_wconf 79' lang='lat' dir='ltr'><strong>supponit.</strong></span> <span class='ocrx_word' id='word_1_644' title='bbox 925 5152 1000 5205; x_wconf 91' lang='lat' dir='ltr'><strong>Ita</strong></span> <span class='ocrx_word' id='word_1_645' title='bbox 1059 5168 1189 5207; x_wconf 86' lang='lat' dir='ltr'><strong>sane</strong></span> <span class='ocrx_word' id='word_1_646' title='bbox 1220 5162 1348 5218; x_wconf 90' lang='lat' dir='ltr'><strong>est;</strong></span> <span class='ocrx_word' id='word_1_647' title='bbox 1411 5155 1504 5209; x_wconf 88' lang='lat' dir='ltr'><strong>sed</strong></span> <span class='ocrx_word' id='word_1_648' title='bbox 1537 5156 1618 5209; x_wconf 84' lang='lat' dir='ltr'><strong>vel</strong></span> <span class='ocrx_word' id='word_1_649' title='bbox 1676 5164 1799 5210; x_wconf 90' lang='lat' dir='ltr'><strong>ante</strong></span> <span class='ocrx_word' id='word_1_650' title='bbox 1839 5156 1980 5211; x_wconf 89' lang='lat' dir='ltr'><strong>dicta</strong></span> <span class='ocrx_word' id='word_1_651' title='bbox 2022 5157 2074 5212; x_wconf 93' lang='lat' dir='ltr'><strong>in</strong></span> <span class='ocrx_word' id='word_1_652' title='bbox 2126 5157 2359 5212; x_wconf 91' lang='lat' dir='ltr'><strong>lectione</strong></span> <span class='ocrx_word' id='word_1_653' title='bbox 2411 5158 2647 5228; x_wconf 87' lang='lat' dir='ltr'><strong>quadarn</strong></span> <span class='ocrx_word' id='word_1_654' title='bbox 2703 5156 2996 5228; x_wconf 76' lang='lat' dir='ltr'><strong>Scriptum</strong></span> <span class='ocrx_word' id='word_1_655' title='bbox 3060 5173 3252 5224; x_wconf 56' lang='lat' dir='ltr'><strong>sacrm,</strong></span> <span class='ocrx_word' id='word_1_656' title='bbox 3313 5175 3435 5228; x_wconf 70' lang='lat' dir='ltr'><strong>quas</strong></span> <span class='ocrx_word' id='word_1_657' title='bbox 3486 5161 3865 5217; x_wconf 82' lang='lat' dir='ltr'><strong>concionllnts</strong></span> 
     </span>
    </p>
   </div>
   <div class='ocr_carea' id='block_1_75' title="bbox 593 5262 3841 5350">
    <p class='ocr_par' dir='ltr' id='par_1_75' title="bbox 593 5262 3841 5340">
     <span class='ocr_line' id='line_1_75' title="bbox 593 5262 3841 5340; baseline 0.006 -31"><span class='ocrx_word' id='word_1_658' title='bbox 593 5262 840 5328; x_wconf 61' lang='lat' dir='ltr'><strong>praemitti</strong></span> <span class='ocrx_word' id='word_1_659' title='bbox 909 5264 1138 5324; x_wconf 79' lang='lat' dir='ltr'><strong>solebat.</strong></span> <span class='ocrx_word' id='word_1_660' title='bbox 1199 5265 1279 5318; x_wconf 88' lang='lat' dir='ltr'><strong>vel</strong></span> <span class='ocrx_word' id='word_1_661' title='bbox 1344 5268 1396 5319; x_wconf 92' lang='lat' dir='ltr'><strong>in</strong></span> <span class='ocrx_word' id='word_1_662' title='bbox 1447 5267 1671 5322; x_wconf 87' lang='lat' dir='ltr'><strong>homilia</strong></span> <span class='ocrx_word' id='word_1_663' title='bbox 1720 5269 1953 5337; x_wconf 82' lang='lat' dir='ltr'><strong>quadam</strong></span> <span class='ocrx_word' id='word_1_664' title='bbox 2009 5271 2332 5340; x_wconf 74' lang='lat' dir='ltr'><strong>pnecedenti</strong></span> <span class='ocrx_word' id='word_1_665' title='bbox 2399 5281 2830 5327; x_wconf 86' lang='lat' dir='ltr'><strong>commemorata</strong></span> <span class='ocrx_word' id='word_1_666' title='bbox 2888 5281 2942 5327; x_wconf 91' lang='lat' dir='ltr'><strong>et</strong></span> <span class='ocrx_word' id='word_1_667' title='bbox 2991 5281 3265 5328; x_wconf 80' lang='lat' dir='ltr'><strong>enarrata.</strong></span> <span class='ocrx_word' id='word_1_668' title='bbox 3325 5273 3485 5327; x_wconf 87' lang='lat' dir='ltr'><strong>Certe</strong></span> <span class='ocrx_word' id='word_1_669' title='bbox 3531 5275 3841 5330; x_wconf 85' lang='lat' dir='ltr'><strong>conciones</strong></span> 
     </span>
    </p>
   </div>
   <div class='ocr_carea' id='block_1_76' title="bbox 594 5377 2183 5458">
    <p class='ocr_par' dir='ltr' id='par_1_76' title="bbox 594 5377 2183 5450">
     <span class='ocr_line' id='line_1_76' title="bbox 594 5377 2183 5450; baseline 0.005 -21"><span class='ocrx_word' id='word_1_670' title='bbox 594 5377 849 5430; x_wconf 84' lang='lat' dir='ltr'><strong>tredecim</strong></span> <span class='ocrx_word' id='word_1_671' title='bbox 909 5380 1049 5446; x_wconf 84' lang='lat' dir='ltr'><strong>apud</strong></span> <span class='ocrx_word' id='word_1_672' title='bbox 1114 5379 1564 5450; x_wconf 81' lang='lat' dir='ltr'><strong>Chrysostomum</strong></span> <span class='ocrx_word' id='word_1_673' title='bbox 1635 5392 1933 5436; x_wconf 82' lang='lat' dir='ltr'><strong>occurrunt</strong></span> <span class='ocrx_word' id='word_1_674' title='bbox 1998 5384 2100 5437; x_wconf 79' lang='lat' dir='ltr'><strong>hoc</strong></span> <span class='ocrx_word' id='word_1_675' title='bbox 2157 5400 2183 5437; x_wconf 71' lang='grc' dir='ltr'><strong>ν</strong></span> 
     </span>
    </p>
   </div>
   <div class='ocr_carea' id='block_1_77' title="bbox 2286 5377 3856 5458">
    <p class='ocr_par' dir='ltr' id='par_1_77' title="bbox 2301 5384 3856 5458">
     <span class='ocr_line' id='line_1_77' title="bbox 2301 5384 3856 5458; baseline 0.001 -20"><span class='ocrx_word' id='word_1_676' title='bbox 2301 5384 2464 5438; x_wconf 81' lang='lat' dir='ltr'><strong>simili</strong></span> <span class='ocrx_word' id='word_1_677' title='bbox 2522 5385 2827 5454; x_wconf 86' lang='lat' dir='ltr'><strong>principio,</strong></span> <span class='ocrx_word' id='word_1_678' title='bbox 2882 5384 3101 5452; x_wconf 77' lang='grc' dir='ltr'><strong>Εἵδετε,</strong></span> <span class='ocrx_word' id='word_1_679' title='bbox 3158 5387 3466 5458; x_wconf 67' lang='grc' dir='ltr'><strong>ἀγαπητοὶ,</strong></span> <span class='ocrx_word' id='word_1_680' title='bbox 3519 5387 3637 5450; x_wconf 74' lang='grc' dir='ltr'><strong>πῶς</strong></span> <span class='ocrx_word' id='word_1_681' title='bbox 3689 5389 3856 5442; x_wconf 77' lang='grc' dir='ltr'>οὐδὲν</span> 
     </span>
    </p>
   </div>
   <div class='ocr_carea' id='block_1_78' title="bbox 590 5491 2183 5574">
    <p class='ocr_par' dir='ltr' id='par_1_78' title="bbox 590 5491 2183 5566">
     <span class='ocr_line' id='line_1_78' title="bbox 590 5491 2183 5566; baseline 0.005 -24"><span class='ocrx_word' id='word_1_682' title='bbox 590 5491 774 5559; x_wconf 74' lang='grc' dir='ltr'><strong>ἀργόν,</strong></span> <span class='ocrx_word' id='word_1_683' title='bbox 805 5491 1003 5545; x_wconf 86' lang='lat' dir='ltr'><strong>Ilomil.</strong></span> <span class='ocrx_word' id='word_1_684' title='bbox 1046 5493 1114 5546; x_wconf 78' lang='grc'><strong>59</strong></span> <span class='ocrx_word' id='word_1_685' title='bbox 1149 5493 1202 5545; x_wconf 93' lang='lat' dir='ltr'><strong>iu</strong></span> <span class='ocrx_word' id='word_1_686' title='bbox 1236 5493 1431 5548; x_wconf 86' lang='lat' dir='ltr'><strong>Genes.</strong></span> <span class='ocrx_word' id='word_1_687' title='bbox 1459 5492 1591 5548; x_wconf 90' lang='lat' dir='ltr'><strong>Illud</strong></span> <span class='ocrx_word' id='word_1_688' title='bbox 1619 5511 1748 5549; x_wconf 84' lang='lat' dir='ltr'><strong>vero</strong></span> <span class='ocrx_word' id='word_1_689' title='bbox 1772 5496 1835 5548; x_wconf 84' lang='lat' dir='ltr'><strong>ad</strong></span> <span class='ocrx_word' id='word_1_690' title='bbox 1865 5500 2183 5566; x_wconf 71' lang='lat' dir='ltr'><strong>pnemissan</strong></span> 
     </span>
    </p>
   </div>
   <div class='ocr_carea' id='block_1_79' title="bbox 2286 5491 3852 5574">
    <p class='ocr_par' dir='ltr' id='par_1_79' title="bbox 2286 5499 3852 5574">
     <span class='ocr_line' id='line_1_79' title="bbox 2286 5499 3852 5574; baseline 0.003 -21"><span class='ocrx_word' id='word_1_691' title='bbox 2286 5500 2512 5554; x_wconf 70' lang='lat' dir='ltr'><strong>stionem</strong></span> <span class='ocrx_word' id='word_1_692' title='bbox 2544 5499 2798 5554; x_wconf 85' lang='lat' dir='ltr'><strong>refertur.</strong></span> <span class='ocrx_word' id='word_1_693' title='bbox 2827 5501 2985 5565; x_wconf 89' lang='lat' dir='ltr'><strong>Item,</strong></span> <span class='ocrx_word' id='word_1_694' title='bbox 3017 5501 3198 5555; x_wconf 71' lang='grc' dir='ltr'>Εἴδετε</span> <span class='ocrx_word' id='word_1_695' title='bbox 3222 5503 3282 5555; x_wconf 80' lang='grc' dir='ltr'><strong>ὲν</strong></span> <span class='ocrx_word' id='word_1_696' title='bbox 3309 5505 3421 5565; x_wconf 80' lang='grc' dir='ltr'>τοῖς</span> <span class='ocrx_word' id='word_1_697' title='bbox 3444 5502 3543 5572; x_wconf 69' lang='grc' dir='ltr'><strong>ήδη</strong></span> <span class='ocrx_word' id='word_1_698' title='bbox 3574 5502 3852 5574; x_wconf 73' lang='grc' dir='ltr'><strong>ῥηθεῖσιν,</strong></span> 
     </span>
    </p>
   </div>
   <div class='ocr_carea' id='block_1_80' title="bbox 588 5607 2183 5689">
    <p class='ocr_par' dir='ltr' id='par_1_80' title="bbox 588 5607 2183 5679">
     <span class='ocr_line' id='line_1_80' title="bbox 588 5607 2183 5679; baseline 0.007 -21"><span class='ocrx_word' id='word_1_699' title='bbox 588 5608 710 5659; x_wconf 76' lang='grc' dir='ltr'><strong>ὅσον</strong></span> <span class='ocrx_word' id='word_1_700' title='bbox 733 5607 826 5677; x_wconf 81' lang='grc' dir='ltr'><strong>τῆς</strong></span> <span class='ocrx_word' id='word_1_701' title='bbox 864 5608 1291 5679; x_wconf 64' lang='grc' dir='ltr'><strong>φιλανθρωπίας,</strong></span> <span class='ocrx_word' id='word_1_702' title='bbox 1326 5609 1483 5664; x_wconf 88' lang='lat' dir='ltr'><strong>IIom.</strong></span> <span class='ocrx_word' id='word_1_703' title='bbox 1517 5611 1570 5664; x_wconf 89' lang='lat' dir='ltr'><strong>in</strong></span> <span class='ocrx_word' id='word_1_704' title='bbox 1611 5611 1810 5666; x_wconf 81' lang='lat' dir='ltr'><strong>Cenes.</strong></span> <span class='ocrx_word' id='word_1_705' title='bbox 1847 5612 1935 5666; x_wconf 68' lang='grc'><strong>25.</strong></span> <span class='ocrx_word' id='word_1_706' title='bbox 1967 5613 2100 5668; x_wconf 88' lang='lat' dir='ltr'><strong>Illud</strong></span> <span class='ocrx_word' id='word_1_707' title='bbox 2127 5633 2183 5669; x_wconf 72' lang='lat' dir='ltr'><strong>ve</strong></span> 
     </span>
    </p>
   </div>
   <div class='ocr_carea' id='block_1_81' title="bbox 2286 5607 3853 5689">
    <p class='ocr_par' dir='ltr' id='par_1_81' title="bbox 2313 5617 3853 5689">
     <span class='ocr_line' id='line_1_81' title="bbox 2313 5617 3853 5689; baseline 0.002 -17"><span class='ocrx_word' id='word_1_708' title='bbox 2313 5626 2521 5686; x_wconf 87' lang='lat' dir='ltr'><strong>spectat</strong></span> <span class='ocrx_word' id='word_1_709' title='bbox 2554 5617 2620 5671; x_wconf 87' lang='lat' dir='ltr'><strong>ad</strong></span> <span class='ocrx_word' id='word_1_710' title='bbox 2643 5633 2726 5685; x_wconf 86' lang='lat' dir='ltr'><strong>ea,</strong></span> <span class='ocrx_word' id='word_1_711' title='bbox 2769 5633 2891 5689; x_wconf 65' lang='lat' dir='ltr'><strong>quae</strong></span> <span class='ocrx_word' id='word_1_712' title='bbox 2923 5619 2976 5672; x_wconf 92' lang='lat' dir='ltr'><strong>in</strong></span> <span class='ocrx_word' id='word_1_713' title='bbox 3019 5619 3284 5673; x_wconf 89' lang='lat' dir='ltr'><strong>concione</strong></span> <span class='ocrx_word' id='word_1_714' title='bbox 3336 5619 3664 5687; x_wconf 66' lang='lat' dir='ltr'><strong>praecedenti</strong></span> <span class='ocrx_word' id='word_1_715' title='bbox 3701 5620 3853 5675; x_wconf 84' lang='lat' dir='ltr'><strong>dicta</strong></span> 
     </span>
    </p>
   </div>
   <div class='ocr_carea' id='block_1_82' title="bbox 593 5715 3856 5798">
    <p class='ocr_par' dir='ltr' id='par_1_82' title="bbox 593 5715 3856 5798">
     <span class='ocr_line' id='line_1_82' title="bbox 593 5715 3856 5798; baseline 0.006 -28"><span class='ocrx_word' id='word_1_716' title='bbox 593 5715 758 5772; x_wconf 78' lang='lat' dir='ltr'><strong>fuere.</strong></span> <span class='ocrx_word' id='word_1_717' title='bbox 794 5719 882 5774; x_wconf 78' lang='lat' dir='ltr'><strong>Sic</strong></span> <span class='ocrx_word' id='word_1_718' title='bbox 921 5730 972 5775; x_wconf 90' lang='lat' dir='ltr'><strong>et</strong></span> <span class='ocrx_word' id='word_1_719' title='bbox 1006 5724 1106 5775; x_wconf 90' lang='lat' dir='ltr'><strong>hoc</strong></span> <span class='ocrx_word' id='word_1_720' title='bbox 1148 5723 1265 5776; x_wconf 74' lang='lat' dir='ltr'><strong>loco</strong></span> <span class='ocrx_word' id='word_1_721' title='bbox 1313 5723 1639 5792; x_wconf 88' lang='lat' dir='ltr'><strong>principium</strong></span> <span class='ocrx_word' id='word_1_722' title='bbox 1693 5724 1845 5792; x_wconf 82' lang='lat' dir='ltr'><strong>illul,</strong></span> <span class='ocrx_word' id='word_1_723' title='bbox 1878 5725 2042 5777; x_wconf 76' lang='grc' dir='ltr'><strong>εἴδετε</strong></span> <span class='ocrx_word' id='word_1_724' title='bbox 2079 5726 2267 5779; x_wconf 50' lang='lat' dir='ltr'><strong>micam</strong></span> <span class='ocrx_word' id='word_1_725' title='bbox 2326 5727 2666 5798; x_wconf 58' lang='grc' dir='ltr'><strong>σφριγῶσιν),</strong></span> <span class='ocrx_word' id='word_1_726' title='bbox 2699 5729 2893 5786; x_wconf 87' lang='lat' dir='ltr'><strong>referri</strong></span> <span class='ocrx_word' id='word_1_727' title='bbox 2948 5731 3221 5786; x_wconf 81' lang='lat' dir='ltr'><strong>credimus</strong></span> <span class='ocrx_word' id='word_1_728' title='bbox 3254 5731 3320 5786; x_wconf 83' lang='lat' dir='ltr'><strong>ad</strong></span> <span class='ocrx_word' id='word_1_729' title='bbox 3380 5731 3668 5794; x_wconf 68' lang='lat' dir='ltr'><strong>lectionem</strong></span> <span class='ocrx_word' id='word_1_730' title='bbox 3715 5744 3856 5792; x_wconf 80' lang='lat' dir='ltr'><strong>ante</strong></span> 
     </span>
    </p>
   </div>
  </div>
