4084 6428
217 376 324 435 πτ

1571 377 1660 436 DE
1699 377 1825 437 ΒΕΑ
1834 378 1926 439 ΤΟ
1955 380 2312 442 ΑΒΒΔΗᾹΠ.

3409 403 3514 464 738

219 506 3346 550 __._______________._______________________________________

1247 594 1406 679 DE
1455 593 1836 683 BEATO
1895 601 2464 692 ABRAHAM

3265 687 3324 722 β

1733 772 1968 818 ORATIO
1976 803 1990 817 .

1613 921 2104 952 Μ

287 1019 343 1079 Ι.
383 1015 452 1079 In
474 1026 822 1085 ecclesiasticis
844 1031 1125 1088 actionibus
1153 1044 1386 1090 senectus
1417 1051 1521 1090 non
1549 1036 1706 1092 obest.
1738 1067 1812 1079 —

211 1103 437 1170 Vidistis
453 1115 530 1188 (a)
546 1118 800 1175 canitiem
815 1131 1080 1194 vegetam,
1099 1139 1165 1180 ac
1183 1123 1431 1181 ﬁoridam
1446 1127 1813 1182 senectutem?

209 1204 425 1262 vidistis
454 1207 712 1265 athletam
742 1226 1062 1282 generosum
1079 1255 1096 1284 ,
1126 1225 1183 1273 et
1211 1226 1560 1274 cum-natura
1586 1218 1810 1275 visceri-

210 1291 426 1367 busque
469 1302 830 1369 pugnantem?
855 1303 1063 1360 vidistis
1090 1306 1268 1368 virum
1307 1307 1363 1364 in
1391 1319 1634 1366 extremo
1659 1311 1813 1366 senio

207 1389 498 1445 adamante
544 1388 870 1449 ﬁrmiorem?
915 1395 1071 1453 Vires
1124 1399 1346 1470 quidem
1393 1402 1640 1472 corporis
1694 1402 1811 1473 ejus

206 1479 598 1552 elanguerant,
629 1483 728 1540 sed
755 1486 874 1558 ejus
916 1486 1042 1545 ﬁdei
1081 1490 1232 1562 vigor
1267 1493 1645 1550 corroboratus
1667 1503 1808 1550 erat.

204 1565 366 1626 'I‘alia
385 1580 512 1649 sunt
536 1574 679 1630 enim
700 1576 959 1634 Ecclesia:
989 1580 1247 1649 prmelara
1274 1580 1536 1651 facinora,
1568 1593 1626 1640 ut
1650 1584 1841 1642 imbe-

204 1656 405 1719 'cillitas
429 1665 675 1736 corporis
712 1665 838 1723 ﬁdei
877 1657 1222 1727 alacritatem
1267 1683 1376 1729 non
1425 1673 1588 1731 laedat
1611 1693 1627 1730 :
1652 1689 1813 1732 orna-

203 1762 452 1809 mentum
478 1754 676 1827 quippe
689 1766 774 1813 est
787 1757 1047 1817 Ecclesia
1070 1761 1294 1820 canities
1317 1762 1572 1831 demissa,
1592 1776 1649 1823 et
1676 1767 1812 1825 ﬁdes

205 1841 311 1898 alis
340 1842 626 1913 instructa,
653 1839 708 1900 et
733 1845 841 1925 hac
864 1863 925 1904 re
949 1851 1290 1918 potissimum
1311 1853 1554 1911 Ecclesia
1575 1857 1807 1914 limatur.

202 1926 342 1986 Nam
383 1933 438 1988 in
483 1933 724 2004 profanis
752 1937 972 2008 quidem
1001 1942 1233 2020 negotiis
1261 1943 1467 2001 inutilis
1491 1955 1579 2003 est
1601 1962 1808 2018 senex,

202 2037 310 2080 nec
335 2023 500 2081 ullam
529 2026 602 2082 ad
620 2043 738 2085 rem
767 2029 1038 2099 idoneus;
1063 2033 1160 2088 sed
1185 2035 1383 2106 ubique
1407 2036 1602 2110 dignus
1627 2039 1806 2096 indul-

201 2117 388 2186 gentia
415 2125 685 2185 censetur,
709 2121 854 2191 quod
880 2130 1103 2193 propter
1133 2123 1558 2186 imbecillitatem
1586 2129 1656 2186 ad
1681 2146 1811 2190 usus

203 2206 333 2263 vita:
359 2211 706 2267 necessarios
723 2212 948 2269 minime
973 2215 1152 2278 valeat
1167 2219 1534 2289 commodare.
1561 2221 1810 2294 Exempli

201 2311 392 2365 causa,
416 2315 524 2355 non
551 2309 730 2372 potest
748 2317 918 2362 senes
946 2304 1006 2361 in
1033 2306 1176 2364 bello
1199 2318 1346 2366 stare
1372 2309 1429 2365 in
1456 2312 1596 2381 acie,
1618 2327 1727 2369 non
1755 2314 1810 2372 in

200 2401 405 2458 equum
431 2392 750 2464 ascendere,
788 2412 898 2454 non
922 2397 1132 2455 hastam
1159 2401 1394 2471 vibrare,
1425 2419 1534 2460 non
1555 2404 1806 2478 clypeum

200 2494 448 2550 movere,
479 2500 588 2541 non
613 2487 744 2545 solis
767 2489 1019 2548 ardorem
1045 2492 1214 2564 ferre,
1245 2510 1356 2552 non
1383 2496 1594 2554 itineris
1633 2498 1808 2570 longi-

198 2573 445 2631 tudinem
487 2579 775 2650 sustinere,
806 2597 916 2639 non
954 2584 1111 2642 famis
1139 2589 1516 2658 asperitatem,
1550 2605 1658 2647 non
1689 2607 1806 2646 mo-

195 2664 308 2721 lem
338 2669 663 2727 tumultuum
691 2672 958 2742 tolerare;
996 2676 1100 2733 sed
1129 2679 1416 2750 tranquillo
1442 2681 1502 2736 in
1524 2681 1647 2738 loco
1667 2684 1808 2739 cani-

191 2756 292 2812 tiei
319 2759 632 2832 patrocinio
649 2761 821 2820 fretus
847 2754 1022 2828 sedet.
1046 2766 1165 2824 Hoc
1180 2783 1310 2826 vero
1338 2770 1396 2826 in
1416 2771 1642 2844 navigiis
1665 2788 1804 2844 quo-

195 2858 306 2917 que
325 2849 478 2905 cerni
498 2859 705 2921 potest:
720 2853 788 2910 ad
807 2856 1168 2927 gubernacula
1189 2861 1378 2932 nequit
1396 2876 1569 2920 senes
1589 2859 1800 2935 aedere,

197 2953 310 2994 non
335 2937 508 2996 maria
533 2940 765 3012 sulcare,
787 2960 895 3002 non
916 2962 1126 3004 remum
1153 2949 1373 3021 ducere,
1401 2967 1509 3008 non
1538 2954 1657 3012 vela
1687 2965 1805 3011 ten-

197 3029 354 3100 dere,
378 3046 487 3089 non
507 3037 796 3092 contrariis
815 3040 990 3096 ventis
1009 3040 1302 3112 obsistere,
1328 3060 1437 3101 non
1457 3048 1801 3118 asperitatem

193 3119 414 3196 frigoris
434 3127 564 3196 pati,
585 3141 694 3183 non
714 3127 860 3209 aliud
883 3132 1159 3202 quidpiam
1182 3135 1445 3205 ejusmodi
1475 3148 1653 3208 potest
1676 3155 1792 3210 per-

194 3210 382 3282 licere,
409 3214 504 3270 sed
543 3215 600 3271 in
639 3219 764 3274 navi
805 3220 982 3289 sedet,
1010 3231 1173 3294 atque
1200 3227 1374 3283 aetatis
1401 3241 1564 3284 causa
1589 3230 1800 3286 veniam

194 3302 616 3374 lmpetrat.lloc
660 3307 836 3377 ipsum
860 3317 923 3366 et
963 3312 1019 3368 in
1059 3315 1313 3384 agricolis
1355 3328 1601 3388 spectare
1630 3319 1796 3376 licet:

191 3404 322 3449 nam
347 3408 531 3466 neque
552 3392 768 3455 trahere
795 3409 1031 3458 aratrum
1058 3414 1256 3474 potest,
1289 3421 1466 3479 neque
1493 3410 1673 3468 sulcos
1699 3413 1801 3468 itn-

194 3485 452 3555 primere,
483 3501 592 3544 non
616 3504 880 3560 equorum
907 3492 1147 3551 domitor
1174 3495 1311 3565 ﬁeri,
1344 3515 1522 3571 neque
1545 3502 1797 3559 robusto-

192 3592 317 3632 rum
359 3578 522 3634 boum
569 3581 676 3636 vim
704 3586 988 3664 sustinere,
1032 3603 1134 3644 nec
1180 3600 1345 3648 aestus
1386 3593 1669 3664 impetum,
1697 3613 1797 3655 nec

188 3665 511 3736 gravitatem
557 3671 778 3740 caloris,
823 3661 926 3732 nec
974 3676 1172 3748 ligonis
1219 3661 1482 3750 pondus,
1504 3700 1605 3741 nec
1648 3661 1796 3745 aliud

190 3756 410 3826 quidvis
438 3775 623 3815 eorum
642 3804 658 3829 ,
689 3779 812 3833 qua:
833 3765 908 3820 ad
941 3775 1138 3824 tetram
1166 3771 1448 3828 colendam
1474 3785 1601 3831 sunt
1627 3779 1744 3833 usui
1776 3797 1791 3834 :

192 3846 294 3902 sed
321 3847 467 3904 domi
492 3850 762 3922 considet,
789 3864 844 3910 et
881 3855 1096 3915 canitiei
1135 3865 1484 3921 excusatione
1509 3883 1570 3927 se
1595 3875 1790 3926 tuetur.

195 3938 270 3992 At
296 3954 403 3992 non
434 3940 503 3994 ita
529 3956 590 3997 se
618 3941 819 4000 habent
843 3961 930 4002 res
951 3943 1232 4017 Ecclesim;
1255 3955 1351 4010 sed
1377 3956 1467 4012 ubi
1489 3972 1786 4016 consenue-

193 4030 306 4083 rint
329 4031 420 4100 qui
451 4047 573 4086 cum
605 4035 800 4091 virtute
823 4038 989 4094 vitam
1030 4042 1356 4114 traducunt,
1393 4055 1520 4104 tunc
1550 4051 1792 4109 utiliores

192 4122 537 4180 redduntur:
571 4143 678 4182 non
705 4132 850 4186 enim
880 4136 1128 4204 corporis
1153 4138 1337 4207 robur,
1369 4142 1464 4197 sed
1497 4143 1618 4200 ﬁdei
1649 4161 1790 4216 prie-

193 4214 394 4269 stantia
420 4220 701 4287 quaeritur.
735 4219 882 4278 Talis
910 4234 1029 4280 erat
1062 4228 1364 4297 Abraham,
1391 4233 1478 4288 cui
1504 4214 1790 4293 virescer-

193 4303 342 4371 poris
383 4303 763 4378 elangue‘rant,
802 4311 899 4368 sed
924 4311 1046 4386 ipse
1073 4312 1196 4373 ﬁdei
1224 4321 1418 4378 robore
1435 4325 1789 4384 conﬁrmatus

192 4402 311 4448 erat
335 4412 348 4447 :
378 4409 542 4452 senex
569 4408 707 4468 erat,
738 4401 833 4457 sed
873 4403 926 4457 in
968 4415 1213 4464 extrema
1243 4422 1520 4471 senectute
1545 4431 1666 4473 cum
1693 4433 1788 4474 na-

193 4493 312 4539 tura
336 4487 626 4557 pugnabat,
653 4501 708 4547 et
738 4492 1054 4561 praclarum
1093 4499 1164 4554 de
1199 4517 1261 4557 ea
1292 4505 1620 4576 triumphum
1658 4526 1785 4580 age-

192 4573 288 4628 hat
311 4593 324 4628 :
348 4590 514 4632 senex
539 4589 679 4646 erat,
701 4581 798 4637 sed
823 4584 1094 4642 robustior
1118 4588 1263 4646 ferro
1311 4573 1475 4666 atque
1502 4573 1786 4656 adamante

191 4665 422 4719 ﬁrmior.
464 4667 543 4721 Ac
587 4667 799 4738 juvenis
845 4673 1059 4743 quidem
1103 4693 1227 4734 cum
1278 4665 1451 4750 essen
1496 4687 1629 4741 nihil
1678 4690 1784 4746 tale

189 4756 466 4824 praestitit;
496 4771 620 4814 cum
641 4775 773 4817 vero
799 4777 966 4835 prope
995 4777 1182 4824 exacta
1205 4771 1318 4840 jam
1356 4783 1489 4831 artas
1531 4788 1675 4834 esset
1716 4796 1781 4837 ac

187 4843 441 4912 decursa,
467 4855 580 4902 tum
607 4850 936 4920 triumphum
963 4859 1295 4926 reportavit;
1322 4861 1374 4917 in
1402 4874 1640 4922 extrema
1664 4879 1784 4926 erat

187 4933 416 4999 canitie,
444 4936 539 4992 sed
575 4940 802 4996 canities
843 4941 1229 5013 impedimento
1253 4967 1362 5008 non
1409 4968 1565 5013 erat:
1594 4975 1781 5029 quam-

187 5022 375 5077 obrem
419 5039 541 5080 cum
587 5028 704 5099 ejus
731 5031 1043 5091 ﬁrmitatem
1073 5040 1314 5121 novisset
1341 5045 1502 5115 Deus,
1535 5022 1781 5121 apparuit

187 5110 291 5178 illi,
315 5122 370 5166 et
396 5114 473 5169 ait
499 5133 513 5167 :
542 5116 791 5187 Egredere
815 5123 880 5176 de
902 5135 1038 5180 terra
1060 5116 1164 5195 tua,
1190 5141 1237 5184 et
1263 5132 1328 5186 de
1348 5110 1644 5206 cognatione
1661 5151 1775 5210 tua,

186 5214 236 5256 et
256 5205 320 5259 de
341 5205 492 5262 domo
511 5203 671 5278 patris
694 5213 790 5278 tui,
817 5225 864 5267 et
891 5217 1004 5270 ueni
1031 5213 1084 5272 in
1109 5230 1294 5276 terram
1489 5236 1777 5289 monstrabo

186 5295 277 5346 tibi
305 5292 650 5369 (Geruli).
678 5301 866 5358 Paruit
893 5306 1164 5364 Abraham
1207 5292 1370 5380 dicto,
1417 5323 1628 5375 tametsi
1661 5324 1775 5394 jam

183 5396 350 5438 senex
377 5385 654 5460 deinceps,
683 5401 739 5447 et
762 5409 990 5465 corpore
1019 5399 1296 5460 imbecillis
1317 5419 1478 5475 esset,
1504 5427 1605 5468 nec
1633 5385 1774 5486 apud

184 5487 244 5528 se
283 5475 454 5531 dixit:
482 5479 600 5548 Quo
644 5486 858 5542 tandem
909 5490 961 5544 in
1005 5505 1245 5552 extrema
1287 5513 1564 5561 senectute
1600 5475 1776 5567 disce-

184 5565 342 5640 dam?
363 5568 650 5629 domumne
676 5579 848 5647 patris
874 5584 1015 5651 mei,
1044 5595 1366 5661 terramque,
1399 5596 1453 5649 in
1481 5613 1586 5666 qua
1617 5613 1773 5660 natus

152 5655 156 5659 ’
183 5670 326 5722 eum,
348 5655 714 5733 derelinquam
731 5668 756 5722 ἲ
776 5670 863 5725 ubi
895 5677 1238 5741 pecuniarum
1261 5655 1435 5754 copia,
1460 5655 1770 5757 parentum:

246 5765 318 5830 (ι)
358 5774 407 5818 In
433 5770 644 5825 colhert.
669 5779 839 5832 Codice
863 5785 1022 5835 omnia
1044 5800 1130 5840 sus
1158 5791 1324 5857 deque
1349 5809 1489 5850 versa
1511 5810 1644 5855 εωιι.

1915 1412 1972 1460 et
1994 1405 2136 1477 pius,
2166 1413 2389 1481 parebat
2420 1424 2476 1472 et
2502 1433 2712 1477 morem
2738 1427 2960 1493 gerebat
2985 1445 3000 1483 :
3029 1430 3280 1504 quodque
3312 1437 3518 1506 perini-

1915 1509 2034 1554 rum
2062 1509 2200 1570 erat,
2229 1519 2301 1560 ne
2328 1506 2464 1563 dixit
2500 1513 2716 1580 quidem
2745 1515 2827 1572 illi
2848 1517 3016 1588 Deus,
3045 1522 3100 1578 in
3137 1537 3298 1595 quem
3335 1527 3517 1585 locum

1914 1587 2152 1646 eundum
2179 1605 2360 1664 esset;
2387 1607 2443 1654 at
2462 1602 2612 1658 nullo
2639 1619 2761 1662 eum
2790 1587 3010 1668 neinine
3033 1587 3323 1688 designans
3347 1619 3518 1692 ipsius

1913 1678 2154 1736 anitnum
2179 1687 2422 1743 exercuit
2445 1705 2512 1747 ac
2535 1697 2786 1751 tentavit.
2814 1696 2871 1754 Si
2902 1701 3050 1758 enim
3077 1678 3427 1777 illi‘disissct,
3455 1711 3520 1770 In

1914 1776 2115 1829 terram
2141 1782 2200 1837 te,
2221 1791 2342 1834 sum
2365 1779 2504 1838 lacte
2530 1799 2595 1841 ac
2621 1789 2781 1846 melle
2807 1806 3118 1853 manantem
3161 1776 3512 1871 abducturus,

1914 1866 2026 1916 tum
2051 1878 2165 1922 non
2191 1869 2311 1924 voci
2347 1870 2544 1931 divina:
2580 1877 2853 1936 Abraham
2885 1877 3149 1957 paruisse,
3180 1887 3279 1947 sed
3314 1866 3516 1952 terram

1906 2409 2056 2466 enim
2081 2414 2309 2475 canities
2336 2429 2421 2476 est
2461 2423 2518 2479 in
2555 2409 2894 2499 corporibus,
2925 2435 3022 2492 sed
3049 2438 3104 2494 in
3131 2441 3345 2519 anima;
3379 2409 3517 2519 qua.

1905 2510 2134 2571 propter
2152 2521 2327 2578 neque
2350 2514 2592 2570 sentiunt
2617 2530 2975 2582 senectutem.
3158 2517 3170 2522 ’
3248 2584 3251 2585 ν

1979 2592 2296 2688 obedientite
2354 2620 2544 2664 merces
2591 2609 2787 2681 fructus
2838 2621 3064 2688 ventris;
3114 2640 3212 2684 cur.
3247 2625 3509 2687 Abraham

1905 2686 2178 2744 consilium
2223 2708 2374 2748 suum
2418 2702 2484 2752 de
2512 2701 2826 2762 immotundo
2851 2707 3005 2765 Isaac
3241 2736 3346 2776 non
3386 2739 3514 2794 ape-

1908 2776 2087 2872 ruerit.
2114 2806 2190 2821 —-
2209 2781 2472 2853 Egressus
2494 2800 2579 2846 est
2608 2793 2777 2864 igitur
2821 2799 3093 2860 Abraham
3142 2807 3278 2866 nihil

1907 2866 2198 2966 accipiens,
2225 2874 2320 2929 sed
2372 2879 2425 2933 in
2471 2877 2717 2939 tentoriis
2747 2887 2923 2946 adhuc
2951 2893 3215 2966 habitans,
3250 2911 3304 2956 et

1906 2953 2067 3013 dulus
2085 2975 2193 3060 non
2221 2962 2355 3033 fuit,
2403 2985 2578 3042 neque
2604 2973 2866 3037 dubitavit
2889 2999 2904 3038 :
2932 2987 3132 3060 etenim

1905 3061 2068 3104 neum
2111 3051 2305 3123 pignus
2354 3057 2474 3128 ejus
2503 3077 2710 3134 vocem,
2765 3084 2796 3124 a
2848 3086 2956 3142 quo
3006 3051 3183 3135 fuerat
3230 3067 3507 3146 evocatus.

1904 3135 2078 3196 Porro
2107 3143 2309 3201 sterilis
2338 3159 2456 3204 erat
2486 3151 2629 3222 ipse,
2661 3172 2843 3235 neque
2867 3135 3075 3223 liberos

1903 3242 2078 3301 neque
2100 3231 2234 3290 Sara
2279 3251 2416 3294 uxor
2439 3242 2598 3313 ejus:
2627 3233 2833 3320 accepit
2870 3264 3052 3313 autem
3099 3276 3165 3317 ex
3208 3260 3508 3336 repromis—

1902 3321 2058 3379 sione
2081 3323 2251 3383 ﬁlium
2278 3328 2430 3388 lsaae
2457 3351 2471 3389 :
2503 3350 2626 3393 cum
2647 3350 2838 3398 natm-a
2859 3345 3166 3423 deiecisset,
3189 3321 3308 3413 tum

1902 3410 2092 3483 largita
2110 3427 2194 3474 est
2209 3436 2226 3484 ;
2249 3421 2603 3484 sufﬁcientem
2619 3436 2827 3504 accepit
2842 3410 3165 3501 obedientiaa'
3175 3410 3505 3523 magis};

1905 3516 2279 3567 verumtamen
2309 3530 2434 3572 eum
2459 3518 2564 3576 hoc
2612 3527 2850 3584 nesciret
2877 3543 2896 3585 ξ
2926 3533 2972 3587 si
3017 3537 3160 3593 enim
3205 3539 3454 3603 scivisset
3485 3591 3503 3614 ,

1901 3596 2037 3707 niihil
2081 3603 2336 3662 eximium
2376 3615 2740 3680 praestitisset.
2774 3623 2950 3694 Atque
2993 3637 3052 3683 ut
3094 3596 3366 3707 intelligas
3372 3596 3506 3696 ἶξηξ

1901 3687 2102 3746 idcirco
2129 3708 2254 3751 cum
2283 3713 2493 3758 morem
2536 3709 2798 3779 gessisse,
2839 3687 2959 3772 vide
3002 3700 3111 3791 quo
3134 3687 3298 3794 path
3328 3728 3505 3800 ipsum

1899 4059 2048 4116 titur.
2080 4064 2220 4132 Quid
2242 4067 2403 4160 igitur
2425 4072 2495 4129 ad
2523 4090 2650 4133 eum
2679 4059 2819 4138 Deus
2837 4059 3164 4161 γἈιπαιιαιη,
3192 4059 3462 4154 Athin;
3477 4121 3500 4157 .-

1894 4159 2008 4209 tum
2050 4156 2163 4227 ille,
2211 4155 2348 4218 Ecce
2379 4182 2509 4237 ego;
2557 4168 2667 4227 tum
2715 4175 2893 4233 Deus:
2921 4179 3109 4253 Accipe
3148 4155 3320 4256 flium
3357 4155 3500 4248 tuitui

1895 4245 2158 4317 dilectum,
2198 4269 2347 4323 quem
2386 4258 2632 4332 dilexisti,
2664 4264 2838 4336 Isaac,
2891 4282 2940 4326 et
2980 4245 3110 4343 olfa-
3135 4245 3250 4335 eum
3275 4245 3330 4338 in

1894 4346 2126 4396 cantatum
2168 4359 2324 4414 super
2350 4364 2508 4405 unum
2548 4358 2815 4426 montium,
2846 4379 2974 4433 quos
2995 4365 3084 4423 tibi
3123 4369 3344 4448 άὶεετο(
3363 4378 3495 4435 Gen.

1891 4427 1984 4481 ΞΩ.
2015 4428 2095 4500 2).
2141 4431 2327 4506 Neque
2365 4453 2604 4500 montem
2635 4447 2711 4502 illi
2753 4427 3028 4524 indicavit,
3057 4460 3154 4515 sed
3189 4427 3492 4526 sardoniis

1889 4518 2269 4584 incertitudine
2306 4533 2570 4603 majorem
2600 4537 2677 4595 illi
2722 4543 2992 4604 tristitiam
3013 4518 3227 4622 injecit.
3257 4559 3328 4613 At
3355 4561 3490 4618 nihil

1892 4611 2085 4670 horum
2108 4625 2288 4676 tamen
2321 4623 2594 4684 Abraham
2634 4635 3004 4706 perturbavit;
3057 4611 3167 4700 imo
3212 4611 3492 4722 vero

1889 4704 2166 4761 turbavit:
2195 4725 2319 4767 nam
2360 4730 2482 4784 quae
2526 4717 2762 4779 hominis
2805 4737 2950 4796 sunt,
2989 4704 3191 4802 passus
3231 4704 3490 4806 estirs‘ed

1886 4808 2007 4863 qua:
2036 4801 2242 4866 peccati
2271 4814 2417 4903 sunt,
2452 4824 2560 4865 non
2589 4822 2674 4868 εει
2696 4829 2924 4885 passus:
2951 4821 3243 4885 ﬁuctuabat
3265 4801 3484 4903 quidem

1886 4896 1945 4940 ut
1974 4899 2147 4959 pater,
2177 4894 2272 4950 sed
2291 4905 2356 4989 ut
2371 4894 2467 4955 Dei
2495 4918 2684 4962 amans
2706 4924 2816 4967 non
2843 4917 3222 4989 mergebatur;
3256 4894 3488 4983 ureban-

1886 4986 1973 5034 tur
1995 4983 2227 5053 viscera,
2266 4988 2363 5044 sed
2411 4992 2547 5050 ﬁdes
2590 4992 2856 5058 vincebat.
2900 4983 3044 5064 Cave
3097 4983 3238 5070 enim
3283 5017 3489 5076 dixeris

1884 5069 2014 5127 nihil
2041 5073 2546 5172 Abrahampassum
2574 5102 2694 5145 esse
2713 5108 2728 5145 :
2745 5096 2916 5165 cogita
2930 5115 3036 5168 quo
3047 5087 3205 5172 pacto
3227 5069 3483 5168 incende:

1883 5169 2033 5216 retur
2055 5178 2086 5219 a
2117 5166 2412 5270 visceribus
2436 5186 2737 5238 commotus
2762 5226 2777 5250 ,
2809 5166 3064 5259 ejusrjue-
3084 5166 3480 5270 philosophiam

1883 5261 2088 5319 specta.
2132 5253 2213 5312 Ne
2263 5256 2412 5316 Sane
2456 5266 2674 5334 quidem
2717 5267 2772 5327 id
2815 5253 3129 5347 signiﬁcat:
3158 5253 3480 5361 quippe—qni

1884 5342 2114 5412 timeret,
2148 5363 2238 5415 ne,
2281 5367 2389 5433 quo
2432 5357 2609 5414 minus
2634 5368 2947 5434 mysterium
2974 5374 3341 5449 perﬁceretur,
3375 5388 3477 5439 oh-

1882 5442 2070 5492 staret.
2126 5438 2184 5496 Si
2235 5443 2380 5498 enim
2431 5448 2824 5524 signiﬁcasset,
2858 5438 3150 5524 verisimile
3192 5482 3309 5527 erat
3354 5489 3476 5532 eam

1881 5543 2186 5587 sermonem
2216 5535 2333 5606 ejus
2358 5554 2724 5610 repressuram
2751 5548 2918 5609 fuisse
2947 5570 3012 5611 ac
3038 5557 3323 5630 dicturam,
3359 5566 3480 5637 Quo

1879 5620 2044 5676 tilium
2072 5631 2219 5681 tuum
2248 5628 2489 5700 abducis,
2518 5651 2676 5705 quem
2712 5652 2908 5710 praeter
2933 5661 3089 5717 spem
3130 5620 3344 5710 omnem
3367 5620 3479 5714 ζιε-

1875 5713 1991 5782 cepi
2010 5714 2033 5768 t
2051 5731 2211 5787 quem
2233 5722 2529 5782 secundum
2556 5713 3030 5800 repromissionem
3049 5748 3295 5818 suscepi?
3313 5765 3474 5822 quem

1876 5817 2098 5880 propter
2152 5813 2570 5886 hospitalitatem
2613 5824 2859 5886 obtinui?
2906 5847 3067 5904 quem
3119 5838 3175 5895 in
3208 5813 3469 5904 extrema
