4084 6468
1799 261 1826 276 κ

552 388 651 444 739

558 503 686 558 mihi
709 509 982 558 senectute
1012 500 1150 555 Deus
1174 498 1393 568 largitus
1438 495 1560 552 est?
1581 508 1688 564 quo
1713 505 1833 547 cum
1856 486 2074 543 abducis
2099 484 2124 538 2

557 609 664 663 quo
687 610 807 649 eum
836 592 1072 662 abripis?
1099 605 1255 646 nemo
1290 588 1384 643 tibi
1413 587 1658 658 apparuit
1684 603 1696 639 :
1724 582 1813 654 qui
1843 581 1986 636 enim
2016 578 2132 633 ﬁeri

560 693 755 753 potest,
785 691 840 737 ut
884 680 978 736 tibi
1023 682 1161 737 Deus
1206 677 1529 749 apparuerit,
1569 685 1623 732 et
1668 674 1834 728 ﬁlium
1876 669 2131 740 requirat,

561 788 716 843 quem
743 771 870 825 mihi
901 779 1092 840 praeter
1116 783 1264 838 spem
1295 767 1481 823 dedit?
1524 766 1636 833 ipse
1675 763 1896 832 largitus
1933 767 2040 823 est,
2080 765 2135 812 et

561 864 675 931 ipse
702 861 913 916 aufert?
939 862 982 916 si
1010 869 1066 916 ut
1095 859 1370 924 auferret,
1401 857 1562 924 dedit,
1601 856 1769 912 satius
1788 852 1999 918 ,fuisset
2027 865 2133 906 non

562 953 770 1008 dedisse
802 969 815 1004 :
849 964 954 1006 non
980 953 1121 1006 enim
1153 960 1258 1004 tam
1307 950 1587 1004 molestum
1635 955 1715 1000 est
1752 959 1857 998 non
1901 942 2129 1005 habere,

555 1056 716 1107 quam
770 1056 890 1098 cum
942 1041 1235 1111 acceperis,
1269 1038 1580 1109 perdidisse.
1613 1034 1904 1091 Considera
1947 1033 2132 1090 Suram

559 1134 852 1197 incensam,
869 1129 1266 1193 inﬂammatam,
1291 1143 1319 1181 a
1349 1136 1535 1181 natura
1559 1125 1897 1195 exagitatam,
1916 1123 2136 1193 ejusque

560 1233 771 1276 uterum
811 1221 1091 1275 distortum
1122 1229 1176 1274 et
1221 1219 1424 1273 viscera
1456 1218 1620 1287 ipsius
1649 1225 1916 1271 commota
1946 1213 2137 1269 :lacile

562 1314 757 1382 quippe
811 1312 863 1365 in
932 1309 1194 1380 ejusmodi
1248 1309 1405 1364 rebus
1451 1307 1639 1377 aﬁ'eetu
1694 1306 1947 1362 mulieres
1987 1321 2137 1360 com-

563 1412 844 1457 moventur
869 1418 884 1455 :
910 1412 1109 1471 quanto
1138 1401 1278 1455 enim
1323 1400 1537 1453 tnollior
1561 1408 1615 1452 et
1644 1397 1710 1452 ad
1749 1396 1993 1452 affectum
2023 1405 2138 1450 erat

562 1493 801 1560 pronior,
827 1501 974 1546 tanto
996 1490 1162 1551 niueis
1187 1504 1306 1544 cum
1339 1487 1642 1542 Abrahamo
1670 1487 2048 1552 contendisset,
2085 1494 2139 1540 et

558 1580 873 1635 sacriﬁcium
905 1578 1211 1649 impeditum
1232 1577 1434 1641 fuisset,
1466 1591 1527 1630 ac
1552 1577 1862 1647 mysterium
1887 1574 2136 1629 infectum

563 1673 866 1726 mansisset.
893 1669 1027 1737 Quid
1052 1671 1195 1724 enim
1225 1685 1336 1722 non
1357 1668 1690 1738 prmstitisset
1714 1667 1864 1733 Sara,
1895 1675 1951 1721 ut
1971 1666 2134 1721 ﬁlium

564 1778 716 1820 suum
747 1761 1038 1818 avelleret?
1064 1776 1168 1816 non
1197 1761 1338 1816 enim
1370 1776 1482 1815 rem
1513 1759 1655 1814 illam
1687 1759 1826 1814 ferre
1854 1759 2135 1830 potuisset,

565 1861 621 1906 ut
651 1852 788 1908 ﬁlius
815 1860 1011 1921 przeter
1048 1865 1196 1920 spem
1240 1860 1398 1905 natus
1441 1849 1753 1906 mactandos
1781 1857 1944 1915 esset,
1972 1857 2028 1904 et
2048 1849 2139 1918 qui

560 1945 616 1998 in
667 1945 779 2014 ipsa
823 1953 1097 1998 senectute
1124 1943 1352 1998 donatus
1397 1943 1496 2012 ipsi
1546 1942 1738 2008 fuerat,
1780 1941 2138 1997 immolandas

561 2045 736 2101 esset;
770 2046 827 2090 ut
855 2037 1018 2106 patris
1047 2051 1232 2090 manus
1258 2045 1438 2090 essent
1466 2034 1560 2089 ﬁlii
1588 2034 1789 2090 caedem
1818 2042 2099 2104 patratum:
2125 2049 2138 2086 :

565 2141 671 2181 non
696 2126 900 2181 tulisset
922 2126 1044 2181 talia
1069 2126 1220 2191 Sara,
1246 2125 1341 2180 sed
1369 2127 1635 2196 ingentem
1665 2125 1892 2180 Abrabm
1913 2139 2138 2194 pugnam

564 2216 885 2282 excitasset;
925 2217 1150 2271 excitata
1178 2231 1308 2271 vero
1328 2231 1522 2285 pugna,
1568 2230 1789 2271 necesse
1839 2214 2055 2278 fuisset,
2083 2222 2143 2268 ut

565 2306 772 2361 insidiae
819 2315 1198 2375 sequerentur;
1233 2305 1530 2375 insequutis
1559 2313 1738 2360 autem
1779 2303 2007 2370 insidiis,
2039 2303 2140 2356 im-

565 2398 802 2470 peditum
849 2399 1162 2468 mysterium
1206 2397 1412 2453 fuisset.
1444 2396 1560 2452 Non
1587 2396 1723 2450 dixit
1747 2396 1912 2466 igitur
1932 2393 2140 2450 mulieri

572 2489 860 2555 Abraham,
898 2502 964 2542 ne
1007 2503 1109 2559 qua
1153 2489 1423 2544 contentio
1470 2488 1788 2555 exoriretur,
1843 2503 1911 2543 ne
1959 2495 2142 2542 exorta

572 2581 910 2637 contentione
937 2581 988 2635 in
1027 2595 1253 2650 pugnam
1281 2595 1370 2634 res
1411 2579 1761 2649 procederet,
1795 2594 1862 2633 ne
1887 2593 1948 2633 re
1973 2578 2026 2631 in
2047 2592 2144 2646 pu-

569 2687 726 2742 gnam
753 2671 1074 2742 procedente
1102 2669 1168 2724 ad
1197 2669 1475 2725 dissidium
1507 2679 1722 2738 propter
1750 2669 1916 2722 ﬁlium
1953 2683 2145 2738 prove-

569 2761 810 2825 heretur,
832 2775 899 2815 ne
920 2759 1140 2814 dissidio
1172 2759 1249 2814 sic
1273 2758 1343 2813 ob
1369 2758 1535 2812 ﬁlium
1567 2766 1877 2828 erumpente
1922 2757 2149 2827 promis-

569 2853 652 2906 sio
672 2851 1051 2917 retardaretur,
1078 2866 1143 2906 ne
1163 2851 1426 2906 retardata
1455 2850 1806 2918 promissione
1825 2849 1951 2904 dolo
1970 2850 2147 2918 aliquo

571 2943 840 3012 negotium
872 2941 1236 3012 impediretur,
1261 2956 1330 2995 ne
1356 2939 1610 3009 impedito
1636 2939 1758 2994 dolo
1782 2939 2029 3008 quopiam
2055 2952 2152 2992 ne-

570 3035 717 3105 gotio
738 3033 1048 3106 mysterium
1068 3031 1321 3088 infectum
1341 3039 1598 3086 maneret.

640 3125 695 3180 2.
736 3125 805 3179 At
850 3123 1196 3195 philosophus
1225 3123 1317 3177 ille
1360 3121 1650 3186 Abraham,
1682 3120 1882 3175 athleta
1912 3120 2020 3186 ille,
2061 3122 2152 3191 qui

571 3231 696 3271 cum
723 3223 909 3270 natura
929 3212 1260 3279 decertabat,
1292 3220 1346 3267 et
1374 3226 1496 3266 cum
1523 3211 1816 3270 visceribus
1831 3211 2150 3276 luctabatur,

574 3306 831 3366 adversus
854 3314 1094 3361 naturam
1120 3311 1376 3370 armatus,
1409 3316 1596 3373 parere
1617 3303 1835 3358 minime
1865 3303 2150 3368 recusavit;

575 3397 669 3454 sed
711 3395 963 3452 mandato
990 3395 1088 3450 Dei
1113 3395 1332 3462 cedens,
1363 3391 1504 3463 quod
1546 3392 1887 3448 nuntiabatur
1929 3393 2151 3460 audivit,

577 3495 632 3542 et
646 3485 809 3540 ﬁlium
831 3485 1109 3540 confestim
1135 3484 1356 3552 accepit.
1381 3481 1633 3538 Libenter
1649 3482 1732 3538 bis
1759 3483 1939 3545 verbis
1966 3483 2158 3538 immo-

573 3591 687 3644 ror,
715 3577 897 3647 Accipe
922 3576 1085 3643 ﬁlium
1108 3582 1249 3628 tuum
1269 3574 1526 3642 dilectum,
1547 3589 1693 3644 quem
1720 3573 1956 3638 dilexisti,
1980 3572 2156 3642 Isaac,

578 3677 628 3723 et
656 3666 782 3736 oﬂ'er
819 3669 964 3721 illum
1005 3666 1130 3720 mihi
1163 3666 1218 3719 in
1260 3666 1606 3721 holocaustum
1641 3680 1793 3736 super
1818 3680 1974 3718 unum
2010 3681 2157 3718 mon-

580 3758 722 3822 tium,
753 3772 875 3826 quos
895 3756 1068 3810 dixero
1094 3755 1182 3808 tibi
1207 3753 1357 3826 (Gen.
1385 3753 1476 3807 22.
1503 3753 1559 3824 2)
1586 3762 1674 3809 :et
1700 3753 1967 3824 accipiens
1990 3753 2162 3808 Abra-

580 3846 705 3901 ham
751 3844 916 3909 lsaac,
971 3854 1024 3899 et
1075 3845 1302 3913 asinam,
1352 3852 1406 3899 et
1456 3842 1590 3899 duos
1646 3858 1882 3914 pueros,
1941 3843 2157 3898 abibat:

581 3939 773 3996 deinde
799 3954 920 3995 cum
942 3937 1008 3992 ad
1033 3937 1209 3992 locum
1231 3936 1516 4007 quemdam
1547 3937 1933 4006 pervenissent,
1978 3937 2160 4006 pueris

581 4033 678 4098 ait,
711 4031 910 4096 Sedete,
935 4030 1124 4099 inquit,
1152 4046 1236 4084 vos
1263 4030 1342 4082 hic
1369 4047 1383 4082 :
1415 4045 1506 4100 ego
1535 4045 1649 4082 vero
1686 4037 1732 4082 et
1769 4029 2007 4097 parvulus
2045 4045 2162 4096 per-

581 4121 904 4178 transibimus
926 4135 1079 4188 usque
1096 4117 1240 4184 illuc,
1271 4127 1318 4172 et
1347 4134 1457 4171 cum
1495 4118 1871 4172 adoraverimus
1892 4159 1907 4183 ,
1947 4129 2163 4172 reverte-

586 4227 703 4264 mur
731 4209 798 4263 ad
823 4208 1084 4279 cosUbid.
1104 4226 1152 4262 ν.
1176 4205 1254 4281 5).
1274 4208 1506 4263 insciens
1525 4206 2163 4278 prophetavitAbraham,

585 4301 764 4355 divina
791 4299 868 4354 illi
887 4299 1056 4370 gratia
1081 4306 1422 4367 cooperante.
1447 4297 1644 4352 Filium
1671 4306 1816 4362 tuum
1843 4306 2168 4357 mactaturus

585 4391 780 4460 pergis,
803 4398 858 4446 et
879 4391 977 4454 ais,
1009 4389 1366 4444 Reuertemur?
1393 4387 1528 4442 Dum
1553 4401 1746 4457 pueros
1765 4387 1949 4444 studet
1964 4380 2162 4454 celare,

587 4479 842 4546 propheta
870 4477 1118 4533 efficitur.
1150 4476 1215 4530 Et
1251 4475 1504 4545 imposuit
1530 4473 1668 4544 ligna
1704 4471 1941 4526 humeris
1981 4472 2165 4544 lsaac,

593 4572 651 4620 et
668 4569 883 4632 sumpto
919 4561 1042 4631 igne
1070 4559 1370 4631 gladioque,
1417 4561 1472 4614 in
1506 4569 1743 4616 montem
1792 4560 2049 4616 ascendit.
2103 4561 2169 4619 Et

593 4653 716 4727 quid
742 4651 872 4707 dixit
898 4650 963 4706 ad
993 4659 1194 4722 patrem
1219 4650 1400 4706 lsaac?
1426 4648 1599 4705 Pater.
1631 4649 1733 4706 Ille
1751 4668 1884 4716 vero,
1912 4652 2050 4719 Quid
2073 4661 2168 4720 est,

592 4741 707 4810 ﬁli?
744 4739 814 4794 Et
854 4741 958 4808 ait,
991 4739 1124 4794 Ecce
1148 4741 1280 4811 ignis
1308 4749 1354 4794 et
1381 4741 1520 4810 ligna
1549 4754 1567 4792 :
1597 4741 1680 4793 ubi
1705 4749 1779 4794 est
1806 4740 1912 4794 oris
1947 4742 2000 4794 in
2027 4741 2171 4796 holo-

592 4841 820 4886 caustum
837 4832 863 4886 .’
893 4831 1018 4886 Tum
1046 4831 1157 4898 ille,
1194 4831 1331 4886 Deus
1354 4831 1536 4885 videbit
1560 4830 1654 4885 sibi
1680 4847 1818 4885 ovem
1843 4833 1912 4886 ad
1932 4833 2171 4896 holocau-

595 4933 747 4988 stum,
771 4922 846 4990 [ili
873 4921 1033 4994 (Ibid.
1065 4937 1114 4975 υ.
1145 4920 1307 4992 5,.8).
1332 4921 1471 4976 Ecce
1487 4929 1542 4976 et
1558 4921 1775 4976 alteram
1797 4923 2127 4993 prophetiam
2153 4940 2167 4977 :

597 5029 772 5082 neque
799 5014 961 5066 verba
989 5012 1282 5081 praeterire,
1314 5026 1488 5082 neque
1513 5009 1651 5066 facta
1687 5025 1902 5081 possum
1949 5021 2170 5083 printer-

595 5120 832 5159 eurrere.
855 5103 1145 5160 Considera
1170 5106 1386 5159 nomina
1409 5119 1534 5160 mox
1571 5103 1734 5160 rebus
1758 5105 1885 5176 ipsis
1910 5105 2169 5162 orbanda.

597 5194 674 5248 ita
703 5194 789 5250 ille
816 5200 1019 5266 patrem
1048 5194 1298 5265 appellat,
1324 5204 1381 5250 et
1395 5194 1481 5251 hic
1507 5209 1692 5250 rursus
1716 5195 1904 5264 ﬁlium,
1928 5207 2084 5267 atque
2105 5198 2172 5252 ad

602 5287 788 5340 horam
814 5285 1026 5356 quidem
1053 5285 1302 5342 velabant
1349 5286 1602 5354 nomina,
1633 5301 1758 5342 mox
1807 5297 1984 5342 autem
2022 5297 2175 5343 erant

597 5377 939 5433 denudanda.
968 5377 1259 5434 Considera
1283 5378 1430 5434 enim
1454 5377 1729 5448 quomodo
1757 5376 1976 5434 affectus
2018 5379 2175 5434 fuerit

602 5467 892 5534 Abraham,
923 5468 1271 5538 compellatus
1317 5469 1385 5523 ab
1432 5467 1600 5550 isaac,
1631 5483 1788 5538 quem
1826 5478 1941 5524 erat
1963 5469 2172 5540 jugula-

604 5573 774 5624 turus,
798 5570 965 5626 pater.
988 5557 1086 5624 Qui
1120 5557 1234 5613 ﬁeri
1263 5559 1470 5627 potuit,
1501 5568 1559 5613 ut
1585 5573 1692 5612 non
1718 5557 1834 5628 ejus
1865 5574 2033 5629 genua
2062 5559 2144 5613 dis

601 5649 975 5705 solverentur?
1025 5648 1294 5721 quomodo
1338 5665 1445 5704 non
1508 5649 1748 5704 membra
1794 5650 1976 5704 collisa
2023 5651 2176 5705 sunt?

605 5740 873 5810 quomodo
907 5755 1009 5796 non
1040 5751 1217 5797 mente
1241 5740 1481 5796 turbatus
1505 5748 1625 5810 est,
1654 5756 1776 5797 cum
1803 5739 1886 5797 his
1913 5755 2031 5798 eum
2052 5756 2171 5797 ver-

1275 383 1332 441 S.
1372 377 1647 440 JOANNIS
1683 369 2152 434 CHRYSOSTOMI
2191 368 2508 428 ARCIIIEP.
2547 367 3086 428 CONSTANTINOP.

3713 369 3823 423 7L0

2240 485 2321 541 bis
2350 485 2496 543 lsaac
2524 486 2664 543 ﬁlius
2688 485 2982 541 affarctur?
3005 484 3209 540 Obtulit
3237 491 3434 549 tamen,
3469 493 3524 539 et
3549 483 3822 553 colligavit

2241 577 2410 644 lsaac,
2430 594 2698 649 manuque
2732 579 2955 634 dextera
2998 577 3230 647 gladium
3278 578 3540 648 arripuit,
3569 586 3628 632 ut
3654 576 3823 631 ﬁlium

2241 685 2395 726 suum
2421 676 2701 724 mactarct.

2310 759 2590 815 Forentum
2619 757 2854 826 aﬂ'ectum
2882 759 3171 812 auditorum
3197 757 3610 812 obtestatur.—0
3637 756 3826 812 dexte-

2239 865 2354 907 ram
2384 852 2524 906 illam
2546 850 2798 907 adversus
2820 849 2984 906 ﬁlium
3010 861 3266 906 armatam
3282 852 3296 904 i
3315 851 3506 922 quibus
3525 851 3824 922 exprimam

2242 943 2416 998 verbis
2444 959 2557 997 rem
2603 951 2805 1012 gestam
2849 943 3051 998 nescio.
3098 941 3376 1010 Quomodo
3403 957 3509 996 non
3552 941 3826 1017 obtorpuit

2242 1033 2467 1103 manus}
2495 1034 2765 1103 quomodo
2787 1033 2993 1104 gladius
3016 1033 3083 1089 de
3106 1048 3267 1089 manu
3298 1048 3402 1088 non
3429 1033 3666 1089 excidit?
3695 1047 3827 1103 quo-

2242 1125 2401 1179 modo
2427 1139 2531 1178 non
2579 1133 2721 1180 totus
2747 1126 3010 1182 resolutus
3035 1134 3119 1181 est
3142 1132 3198 1181 et
3223 1124 3489 1181 extabuit?
3534 1125 3626 1195 qui
3657 1123 3830 1194 potuit

2226 1225 2418 1270 autem
2439 1216 2748 1281 subsistere,
2771 1225 2825 1271 et
2848 1216 2991 1271 lsaac
3017 1215 3248 1271 vinctum
3275 1229 3494 1270 cernere
3512 1213 3828 1286 tquomodo

2243 1306 2420 1361 subito
2445 1316 2685 1361 mortuus
2711 1322 2816 1361 non
2843 1306 3137 1361 remansit?
3160 1306 3433 1376 quomodo
3456 1306 3531 1361 illi
3564 1306 3830 1361 inservie-

2244 1405 2369 1452 runt
2397 1398 2578 1452 nervi?
2603 1398 2869 1468 quomodo
2891 1398 3098 1452 animus
3127 1398 3273 1454 illum
3310 1412 3417 1453 non
3447 1397 3685 1453 defecit?
3715 1397 3831 1452 Non

2245 1489 2419 1552 video,
2462 1503 2564 1559 qua
2605 1491 2802 1558 possim
2844 1492 3088 1544 oratione
3120 1505 3232 1546 rem
3257 1499 3461 1559 gestam
3504 1491 3832 1559 exprimere.

2245 1581 2514 1651 Quotquot
2555 1581 2640 1636 hic
2688 1592 2887 1651 patres,
2937 1591 3028 1636 aut
3066 1591 3263 1637 matres
3311 1581 3471 1646 estis,
3519 1583 3832 1646 convenite,

2247 1687 2459 1725 manum
2507 1672 2778 1742 porrigite,
2825 1673 3123 1726 orationem
3170 1673 3459 1741 adjuvatc:
3505 1673 3648 1726 vires
3690 1670 3835 1726 enim

2247 1776 2392 1817 meas
2439 1776 2525 1816 res
2571 1763 2852 1826 excedunt,
2905 1762 3192 1833 ignoscite;
3237 1763 3362 1833 quin
3407 1777 3502 1817 vos
3536 1764 3700 1817 etiam
3735 1763 3836 1833 ipsi

2247 1853 2557 1908 succurrite.
2592 1853 2970 1922 Saepenumero
2994 1855 3228 1925 quinque
3255 1855 3338 1908 vel
3378 1870 3470 1909 sex
3503 1854 3643 1909 ﬁlios
3677 1855 3840 1910 habet

2247 1943 2528 2013 quispiam,
2566 1957 2620 1998 et
2659 1944 2834 1999 ﬁlias:
2862 1946 2906 1999 si
2950 1945 3162 2016 quando
3192 1961 3324 2001 unus
3350 1961 3414 2000 ex
3443 1947 3548 2000 illis
3588 1957 3838 2017 a'grotet,

2248 2045 2416 2091 totum
2444 2036 2617 2091 cubile
2645 2046 2796 2107 pater
2816 2038 3218 2107 circumcursat,
3247 2040 3434 2094 oculos
3477 2039 3571 2094 ﬁlii
3603 2040 3841 2096 deoscu-

2249 2125 2407 2191 latur,
2458 2129 3042 2198 manusamplectitur,
3073 2129 3214 2185 diem
3260 2139 3470 2200 reputat
3510 2141 3750 2198 noctem,
3789 2143 3844 2187 et

2246 2216 2428 2271 iumen
2461 2217 2721 2282 tenebras,
2765 2233 2869 2274 non
2913 2219 3055 2289 quod
3101 2219 3362 2275 elementa
3393 2224 3709 2288 commutet,
3746 2223 3844 2277 sed

2239 2308 2393 2377 quod
2430 2322 2540 2376 pra:
2581 2307 2780 2364 doloris
2803 2310 3090 2366 acerbitate
3117 2312 3222 2368 illis
3249 2313 3466 2368 minime
3503 2314 3843 2379 delectetur;

2252 2403 2430 2457 mollia
2470 2403 2668 2458 cubilia
2691 2412 3019 2472 sternuntur,
3050 2406 3239 2461 medici
3265 2407 3526 2474 assident,
3566 2408 3721 2462 multi
3754 2423 3844 2462 sa-

2247 2495 2447 2551 tellites
2481 2511 2679 2565 agrum
2707 2497 3070 2564 circumstant,
3101 2509 3240 2554 totus
3267 2502 3486 2555 omnino
3511 2502 3847 2557 contabescit

2253 2594 2440 2656 pater:
2490 2586 2613 2642 licet
2653 2589 2893 2656 pecuniae
2935 2590 3088 2659 copia
3124 2600 3391 2661 suppetat,
3417 2593 3732 2648 detestanda
3763 2605 3847 2647 cst

2254 2676 2366 2743 illi;
2417 2675 2541 2730 licet
2586 2676 2880 2733 innumeris
2918 2679 3060 2734 curis
3103 2688 3394 2749 prematur,
3441 2695 3631 2736 omnes
3657 2682 3846 2752 abigit,

2255 2781 2432 2837 neque
2455 2776 2631 2835 potest
2651 2768 2716 2822 ad
2739 2769 3078 2824 sobrietatem
3100 2769 3276 2824 redire
3306 2785 3416 2840 pra:
3437 2772 3600 2825 nimia
3630 2773 3846 2826 tristitia

2258 2857 2580 2913 temulentus
2608 2876 2620 2912 :
2649 2866 2791 2913 totus
2814 2858 2972 2914 etiam
3018 2859 3247 2915 mundus
3289 2860 3360 2914 illi
3391 2861 3672 2916 insanabili
3704 2863 3848 2917 malo

2256 2949 2480 3005 laborat.
2506 2951 2625 3005 Pari
2647 2952 2856 3007 ratione
2885 2959 3056 3007 mater
3075 2967 3284 3022 quoque
3304 2954 3549 3009 circumit
3569 2954 3846 3020 distracta,

2255 3039 2585 3109 perturbata,
2612 3049 2667 3096 et
2689 3041 2888 3096 ardens
2917 3049 3046 3107 tota,
3077 3052 3131 3096 et
3159 3041 3458 3097 facultatem
3481 3059 3729 3114 quaerens
3752 3045 3850 3099 do-

2261 3130 2430 3184 lorem
2459 3146 2580 3184 cum
2625 3146 2768 3201 mgro
2793 3131 3080 3198 dividendi,
3115 3134 3198 3187 vel
3231 3135 3408 3203 potius
3440 3136 3705 3205 integrum
3748 3137 3850 3190 ad-

2261 3220 2528 3290 mittendi,
2572 3229 2630 3274 ut
2673 3219 2899 3276 afﬁictus
2945 3222 3083 3278 ﬁlius
3129 3223 3319 3280 morbo
3353 3225 3664 3281 relevetur:
3697 3216 3856 3282 nihili

2263 3310 2389 3365 facit
2418 3313 2579 3367 vitam
2608 3321 2950 3383 praesentem,
2981 3313 3132 3368 nihili
3176 3313 3443 3382 futuram;
3473 3315 3568 3371 sed
3600 3317 3852 3373 omnibus

2261 3403 2381 3458 istis
2408 3404 2692 3473 Optabilius
2711 3413 2793 3458 est
2813 3404 2910 3473 illi,
2938 3414 2995 3460 ut
3016 3413 3183 3460 totum
3207 3407 3297 3460 lilii
3329 3407 3571 3462 morbum
3595 3410 3852 3478 excipiat.

2262 3493 2381 3548 Non
2410 3503 2701 3564 suppetunt
2729 3495 2856 3550 mihi
2887 3495 3072 3563 verba,
3099 3496 3292 3566 quibus
3321 3496 3658 3554 affectionem
3690 3501 3854 3555 istam

2264 3596 2664 3656 reprzesentem.
2710 3587 2856 3643 Pone
2903 3588 2996 3643 tibi
3052 3596 3176 3644 ante
3225 3590 3411 3644 oculos
3460 3591 3733 3647 Abraham
3774 3596 3857 3651 sic

2264 3675 2513 3731 allectum
2544 3677 2690 3732 illum
2721 3677 2936 3748 quidem
2973 3677 3176 3744 dolore,
3221 3680 3320 3735 sed
3362 3681 3854 3753 philosophantem,

2263 3777 2322 3822 et
2358 3769 2610 3824 mandato
2650 3770 3144 3840 obtemperantem:
3173 3773 3449 3843 subigebat
3492 3785 3761 3844 natumut,
3799 3790 3861 3834 et

2267 3863 2574 3916 mandatum
2600 3862 2803 3918 viscera
2835 3864 2947 3933 ipsa
2977 3865 3280 3933 superabat.
3308 3865 3593 3923 Enimvero
3617 3868 3752 3934 haec,
3797 3883 3861 3927 ut

2270 3961 2395 4006 ante
2420 3953 2548 4019 dixi,
2582 3954 2882 4022 patiebatur
2914 3963 2970 4009 ut
2992 3953 3174 4022 homo,
3199 3956 3296 4010 sed
3321 3965 3378 4011 ut
3398 3957 3489 4012 Dei
3519 3975 3707 4014 amans
3734 3964 3861 4032 phi-

2271 4041 2668 4110 losophabatur.
2696 4043 2774 4097 Ac
2813 4043 2995 4098 videre
3021 4054 3136 4100 erat
3174 4045 3320 4102 lsaac
3349 4057 3636 4120 martyrem
3675 4053 3862 4108 vivum

2271 4140 2328 4188 et
2356 4147 2461 4187 non
2486 4133 2686 4200 vivum,
2718 4143 2986 4190 mortuum
3012 4145 3068 4192 et
3105 4152 3212 4192 non
3239 4149 3528 4194 mortuum.
3551 4141 3682 4197 Nam
3711 4147 3862 4215 quod

2273 4223 2340 4278 ad
2376 4227 2608 4294 parentis
2651 4226 2978 4295 propositum
3018 4227 3227 4295 attinet,
3275 4241 3516 4287 mortuus
3556 4243 3681 4289 est:
3714 4237 3863 4306 quod

2273 4324 2451 4370 autem
2496 4313 2562 4369 ad
2603 4314 2697 4369 Dei
2725 4315 3128 4386 benignitatem,
3157 4333 3262 4373 non
3284 4327 3368 4375 est
3397 4331 3658 4390 mortuus,
3685 4325 3862 4394 siqui-

2273 4403 2397 4460 dem
2435 4404 2647 4461 Domini
2673 4405 2840 4476 ﬁgura
2865 4415 2919 4462 et
2942 4407 3118 4477 imago
3143 4407 3278 4464 fuit:
3307 4411 3484 4465 evenit
3507 4425 3636 4483 ergo
3667 4414 3861 4484 ﬁgura,

2272 4501 2330 4549 et
2350 4495 2470 4551 ’eam
2488 4496 2683 4563 veritas
2703 4497 3026 4569 subsequuta
3048 4506 3150 4554 est.
3178 4498 3368 4556 Postea
3387 4500 3669 4573 colligatur
3687 4505 3863 4575 Isaae,

2276 4582 2374 4639 sed
2393 4598 2498 4639 non
2521 4584 2795 4654 jugulatur
2816 4602 2830 4651 ;
2855 4601 2957 4640 vox
2981 4587 3123 4642 enim
3151 4602 3382 4658 superne
3416 4590 3493 4663 (a)
3521 4594 3669 4650 venit
3695 4601 3866 4653 mise-

2277 4672 2507 4728 ricordia
2534 4682 2590 4729 et
2608 4674 2932 4743 benignitate
2955 4677 3109 4745 plena
3129 4692 3251 4748 quae
3272 4679 3628 4748 patriarchant
3649 4685 3867 4743 cohibet

2277 4765 2385 4834 iam
2431 4774 2597 4820 totum
2641 4765 2902 4821 intentum
2945 4775 3003 4821 et
3029 4779 3274 4837 paratum
3303 4771 3370 4826 ad
3393 4772 3595 4829 cardem
3638 4789 3866 4847 patran-

2279 4853 2424 4922 dam,
2454 4871 2572 4926 quae
2594 4857 2669 4910 ait
2696 4875 2710 4910 :
2740 4857 3018 4920 Abraham,
3049 4857 3325 4928 Abraham,
3349 4879 3411 4917 ne
3436 4863 3637 4934 inﬁcias
3657 4884 3866 4923 manum

2279 4953 2415 5000 tuam
2442 4948 2510 5001 ad
2534 4948 2800 5018 puerulum
2819 4947 2970 5018 (Gen.
3001 4947 3090 5003 22.
3121 4951 3207 5006 Η.
3236 4952 3344 5024 12).
3375 4953 3482 5009 Cur
3506 4971 3613 5013 non
3642 4959 3710 5014 ad
3738 4977 3862 5029 pue-

2278 5050 2420 5105 rum,
2441 5039 2535 5094 sed
2562 5039 2643 5092 Ad
2666 5041 2932 5110 puerulum
2946 5041 2972 5094 .’
2996 5056 3093 5096 cur
3114 5043 3207 5098 vili
3228 5043 3389 5100 modo
3413 5045 3673 5117 loquitur?
3693 5050 3869 5109 Homo

2279 5133 2474 5201 quippe
2523 5139 2684 5187 erat:
2715 5132 2850 5190 Filio
2904 5148 3039 5203 opus
3084 5145 3228 5202 erat,
3281 5151 3386 5192 non
3442 5140 3706 5208 puerulo;
3761 5159 3867 5199 non

2281 5235 2456 5288 servo,
2483 5223 2578 5278 sed
2601 5223 2737 5278 Filio
2763 5238 2889 5278 vero
2916 5225 3206 5295 unigenito,
3229 5241 3257 5280 a
3282 5227 3436 5283 Patre
3461 5229 3526 5283 ad
3549 5245 3649 5284 nos
3679 5234 3866 5288 misso.

2285 5313 2583 5384 Neinjicias
2610 5331 2815 5368 manum
2841 5323 2980 5368 tuam
3004 5316 3072 5369 ad
3097 5318 3384 5388 puerulum.
3421 5318 3611 5388 Figura
3641 5333 3862 5377 conten-

2284 5412 2370 5460 tus
2402 5403 2566 5472 fuisti,
2623 5407 2806 5476 accipe
2856 5407 3155 5463 veritatem.
3208 5409 3272 5464 Et
3327 5408 3595 5464 Abraham
3647 5413 3866 5481 quidem

2352 5567 2424 5633 (a)
2441 5567 2542 5633 ilic
2563 5568 2702 5633 locus
2719 5566 2806 5633 qui
2829 5565 3034 5633 inprius
3052 5566 3212 5633 Editis
3235 5578 3393 5633 usque
3415 5567 3475 5615 ad
3498 5569 3644 5633 ﬁnem
3666 5566 3866 5628 deerat,

2286 5628 2552 5679 ex'tribus
2591 5628 3126 5686 Iss.,'0ttobouiano,
3163 5628 3467 5684 tLolbertiuo,
3491 5628 3578 5688 qui
3612 5642 3749 5679 nunc
3785 5639 3864 5681 est

2287 5691 2474 5752 Regius
2496 5690 2629 5755 79_et
2647 5689 2841 5740 mendis
2871 5697 3046 5752 scatet,
3073 5700 3126 5741 et
3155 5689 3460 5740 Corsliniano
3488 5688 3591 5750 li'l,
3613 5693 3702 5752 qui
3730 5691 3862 5755 opu.

2289 5751 2400 5802 mus
2420 5756 2520 5813 est,
2541 5751 2834 5814 desumptus
2856 5758 2950 5802 est.
