4084 6430
246 425 356 478 739

244 533 443 604 ὤφθης
476 529 590 595 πῶς
619 529 730 601 γάρ
767 528 898 590 Θεός
941 543 1023 580 σοι
1071 520 1218 597 εἶχεν
1247 524 1499 596 ὀφθῆναι,
1530 524 1624 577 καὶ
1653 523 1834 595 ζητεῖν

243 627 342 678 τὸν
365 622 504 685 υίδν,
521 622 580 675 ὃν
608 623 739 692 παρ’
757 618 951 672 ἐλπίδα
970 616 1120 690 [745]
1141 634 1230 690 μοι
1261 616 1462 669 ἔδωκεν
1481 632 1496 682 ;
1524 615 1688 677 αὐτὸς
1708 619 1838 686 ἐχα-

247 715 459 788 ρίσατο,
490 712 586 766 καὶ
625 710 788 774 αὐτὸς
817 708 1120 781 λαμϐάνει;
1161 709 1209 762 εί
1241 707 1331 762 διὰ
1365 706 1428 761 τὸ
1452 705 1639 760 λαϐεῖν
1676 705 1838 761 αὑτὸν

246 805 444 868 ἔδωκε,
479 803 711 874 βέλτιον,
748 804 796 856 εἰ
834 801 910 874 μὴ
934 801 1173 856 ἔδωκεν·
1204 801 1267 855 ού
1297 798 1410 870 γάρ
1469 799 1588 852 ἐστι
1649 797 1841 852 τοσοῦ-

244 913 338 958 τος
366 894 526 958 πόνος
557 893 620 947 τὸ
654 893 729 964 μὴ
758 892 924 964 ἔχειν,
957 894 1084 946 ὅσον
1113 891 1176 946 τὸ
1217 890 1404 945 λαϐεῖν
1435 890 1532 944 καὶ
1551 889 1834 945 ἀπολέσαι.

257 987 543 1059 Ἐννόησον
573 985 674 1057 τὴν
706 985 928 1057 Σάρραν
972 983 1360 1055 ἀναπτομένην
1389 983 1486 1038 καὶ
1526 979 1837 1054 πυρπολου-

247 1075 439 1148 μένην,
473 1076 570 1130 καὶ
624 1075 733 1130 ὑπὸ
761 1075 865 1145 τῆς
907 1073 1124 1145 φύσεως
1163 1073 1554 1144 ἐλαυνομένην,
1589 1071 1686 1126 καὶ
1735 1071 1837 1143 τὴν

247 1172 470 1242 μήτραν
501 1171 674 1242 αὐτῆς
693 1167 1186 1242 διαστρεφομένην,
1214 1169 1308 1222 καὶ
1331 1166 1404 1221 τὰ
1432 1165 1718 1239 σπλάγχνα
1746 1165 1840 1220 αὐ-

242 1263 347 1334 τῆς
375 1263 738 1334 ἀλλοιούμενα
760 1279 772 1290 ·
801 1260 1113 1333 συμπαθεῖς
1147 1261 1258 1334 γὰρ
1291 1261 1359 1318 αί,
1396 1260 1660 1328 γυναῖκες
1707 1256 1836 1328 περὶ

240 1354 313 1407 τά
327 1354 571 1410 τοιαῦτα·
595 1354 723 1408 ὅσον
747 1352 859 1425 γάρ
878 1351 1250 1424 μαλακωτέρα
1261 1351 1363 1406 καὶ
1383 1348 1834 1422 συμπαθεστέρα,

237 1448 501 1502 τοσοῦτον
538 1445 731 1517 ἔμελλε
761 1443 1196 1517 διισχυρίζεσθαι
1248 1444 1387 1516 πρὸς
1415 1445 1506 1498 τὸν
1560 1440 1831 1515 Ἀϐραὰμ,

241 1541 341 1594 καὶ
373 1537 714 1604 ἐνεποδίζετο
752 1539 786 1608 ή
844 1535 1029 1603 θυσία,
1059 1536 1155 1590 καὶ
1184 1535 1246 1590 τδ
1283 1536 1583 1607 μυστήριον
1625 1549 1835 1604 κατηρ-

239 1633 413 1699 γεῖτο.
438 1631 503 1683 Τί
529 1629 638 1701 γάρ
663 1627 730 1683 ἀν
760 1628 861 1682 οὐκ
891 1627 1202 1700 ἐποίησενή
1231 1629 1420 1700 Σάρρα
1439 1627 1578 1697 πρὸς
1603 1627 1666 1680 τὸ
1697 1627 1834 1680 ἀπο-

240 1724 451 1776 σπάσαι
479 1721 571 1776 τὺν
609 1720 724 1774 υἱδν
754 1719 962 1790 αὐτῆςς
993 1719 1054 1773 οὐ
1082 1720 1191 1791 γάρ
1220 1719 1454 1790 ἠδύνατο
1479 1719 1747 1791 βαστάσαι
1773 1720 1834 1772 τὸ

238 1814 546 1884 γινόμενον,
582 1811 672 1867 τὸν
716 1810 848 1884 παρ’
881 1811 1104 1875 ἐλπίδας
1133 1811 1250 1865 υἱὸν
1295 1811 1562 1882 μέλλοντα
1594 1811 1836 1883 ἀναιρεῖ-

243 1903 392 1972 σθαι,
437 1905 533 1959 καὶ
561 1904 622 1958 ἐν
676 1901 826 1974 αύτῷ
847 1901 926 1972 τῷ
949 1902 1099 1973 γήρᾳ
1131 1901 1506 1974 δεδωρημένον
1538 1903 1676 1974 αὐτῇ
1711 1903 1835 1974 μέλ-

236 1997 400 2049 λοντα
450 1995 776 2065 σφάζεσθαι,
821 1995 1028 2064 πατρὸς
1082 1996 1274 2064 χεῖρας
1317 1996 1668 2064 τεκνοφονίαν
1709 1995 1835 2067 μελ-

239 2088 450 2151 λούσας
468 2085 821 2158 ἐργάζεσθαι·
839 2087 940 2140 οὐκ
959 2085 1026 2140 ἂν
1037 2086 1307 2151 ἐϐάσταζε
1325 2086 1599 2158 τοιαῦταή
1621 2087 1830 2160 Σάρρα,

237 2180 378 2234 άλλά
408 2179 610 2249 πολλὴν
637 2179 704 2232 ἀν
730 2179 1029 2248 εἰργάσατο
1048 2177 1230 2248 μάχην
1256 2176 1396 2246 μετά
1417 2175 1512 2230 τοῦ
1556 2177 1831 2250 Ἁϐραάμ,

236 2270 342 2340 τῆς
372 2271 429 2324 δὲ
460 2270 642 2342 μάχης
665 2269 963 2340 γινομένης
991 2269 1206 2339 ἀνάγκη
1252 2267 1476 2340 ἐνέδραν
1505 2269 1626 2322 τινὰ
1653 2287 1833 2341 παρα-

237 2363 592 2432 κολουθῆσαι,
615 2361 839 2432 ἐνέδρας
868 2361 924 2413 δὲ
944 2359 1466 2431 παρακολουθούσης
1493 2360 1831 2425 ἐνεποδίζετο

233 2456 296 2508 τὸ
346 2456 668 2526 μυστήριον.
702 2455 818 2507 Οὐκ
852 2449 1004 2506 εἶπεν
1039 2449 1134 2506 οὖν
1175 2452 1428 2524 Ἀϐραὰμ
1467 2456 1534 2524 τῇ
1588 2456 1827 2523 γυναικὶ,

238 2547 326 2601 (va
374 2547 450 2618 μὴ
487 2545 790 2616 φιλονεικία
835 2544 1083 2616 γένηται,
1134 2545 1221 2599 ἵνα
1258 2545 1355 2616 μὴ,
1397 2547 1696 2618 γενομένης
1729 2547 1830 2617 τῆς

238 2637 598 2707 φιλονεικίας,
629 2639 708 2700 είς
747 2636 930 2708 μάχην
965 2635 1207 2709 προέλθῃ
1238 2635 1300 2688 τὸ
1331 2637 1583 2709 πρᾶγμα,
1615 2638 1702 2691 ἵνα
1723 2638 1825 2709 μὴ,

232 2731 316 2795 είς
347 2732 530 2802 μάχην
555 2729 910 2802 προελθόντος
933 2727 1031 2781 τοῦ
1068 2729 1416 2800 πράγματος,
1445 2731 1527 2793 είς
1560 2731 1829 2801 μερισμὸν

231 2825 364 2895 περὶ
388 2823 485 2877 τοῦ
515 2821 635 2876 υἱοῦ
663 2823 1024 2894 προχωρήσῃ,
1058 2821 1147 2876 ἵνα
1177 2819 1272 2892 μὴ,
1297 2821 1380 2884 εἰς
1405 2821 1676 2893 μερισμὸν
1702 2837 1830 2893 προ-

231 2915 542 2987 χωροῦντος
577 2915 673 2968 τοῦ
708 2913 849 2978 υἱοῦ,
880 2913 1106 2986 χρονίσῃ
1138 2916 1172 2986 ή
1219 2913 1548 2983 ἐπαγγελία,
1582 2913 1671 2967 ἵνα
1727 2914 1824 2984 μὴ,

229 3007 568 3079 χρονισάσης
609 3007 711 3078 τῆς
744 3005 1101 3074 ἐπαγγελίας,
1131 3005 1195 3059 τὸ
1226 3007 1462 3077 πρᾶγμα
1509 3004 1826 3076 ἐνεδρευθῇ,

231 3100 319 3152 ἵνα
380 3097 480 3169 μὴ.
526 3096 622 3150 τοῦ
678 3097 1006 3165 πράγματος
1059 3095 1488 3169 ἐνεδρευθέντος,
1536 3094 1827 3150 ἀτέλεστον

231 3191 370 3262 μένῃ
399 3189 462 3243 τὸ
502 3191 828 3262 μυστήριον.

308 3279 378 3350 β’.
411 3279 552 3334 Ἀλλ’
573 3281 603 3333 6
623 3280 916 3350 φιλόσοφος
931 3279 1205 3352 Ἀϐραὰμ,
1232 3281 1260 3332 6
1285 3282 1546 3354 ἀθλητὴς,
1570 3284 1666 3336 καὶ
1685 3279 1824 3350 πρὸς

228 3370 393 3439 φύσιν
419 3369 849 3442 ἀγωνιζόμενος,
869 3372 962 3425 καὶ
991 3371 1132 3441 πρὸς
1185 3369 1474 3438 σπλάγχνα
1510 3367 1822 3434 πυκτεύων,

227 3463 324 3516 καὶ
368 3462 513 3516 κατά
542 3465 642 3534 τῆς
673 3464 890 3532 φύσεως
927 3463 1306 3533 ὁπλιζόμενος,
1336 3461 1397 3514 οὗ
1445 3461 1819 3531 παρήκουσεν,

225 3553 343 3606 ἀλλ’
380 3552 722 3624 ἐπιτάγματι
766 3553 861 3606 τοῦ
895 3553 1033 3606 Θεοῦ
1065 3553 1252 3616 εἴκων,
1285 3552 1487 3623 ήκουσε
1521 3551 1620 3621 τῆς
1659 3551 1826 3620 ἀγγε-

223 3644 368 3708 λίας,
413 3645 509 3699 καὶ
555 3645 716 3709 εὐθὺς
757 3645 1029 3716 λαμϐάνει
1073 3645 1167 3698 τὸν
1214 3643 1350 3696 υίόν.
1409 3643 1612 3706 Ἡδέως
1647 3642 1824 3696 ἐνδια-

225 3737 398 3808 τρίϐω
430 3739 544 3802 τοῖς
581 3740 796 3810 ῥήμασι
819 3737 1059 3802 τούτοις·
1103 3735 1260 3792 Λάϐε
1283 3736 1393 3789 τὸν
1420 3737 1556 3790 υἱόν
1577 3752 1695 3790 σου
1717 3737 1823 3791 τὸν

105 3897 114 3905 ε
225 3829 559 3899 ἀγαπητὸν,
612 3829 686 3884 δν
735 3829 1082 3900 ἠγάπησας,
1131 3829 1240 3884 τὸν
1286 3827 1516 3892 Ἰσαὰκ,
1568 3828 1666 3882 καὶ
1711 3830 1821 3884 ἀν-

223 3918 435 3989 ένεγκέ
462 3938 567 3988 μοι
597 3921 788 3975 αὑτὸν
828 3924 916 3987 εὶς
964 3919 1390 3989 ὀλοκάρπωσιν
1441 3920 1536 3989 ἐφ’
1582 3919 1653 3973 ἐν
1704 3918 1823 3974 τῶν

225 4012 430 4081 ὀρέων,
461 4007 546 4069 ὧν
574 4013 654 4068 ἄν
692 4029 795 4068 σοι
825 4016 1004 4068 εῖπω·
1034 4017 1129 4069 καὶ⁵
1161 4013 1341 4068 λαϐὼν
1385 4017 1414 4068 ό
1451 4013 1703 4086 Ἀϐραὰμ
1728 4014 1821 4068 τὸν

238 4105 446 4171 Ἰσαὰκ,
476 4106 572 4159 καὶ
614 4105 711 4178 τὴν
758 4107 902 4171 δνον,
935 4107 1032 4160 καὶ¹
1060 4108 1188 4170 τοὺς
1227 4106 1320 4161 δύο
1357 4107 1578 4171 παῖδας,
1611 4107 1779 4179 ἀπῄει
1799 4118 1816 4136 ·

224 4192 342 4250 εἶτα
370 4196 692 4266 φθασάντων
714 4198 896 4251 αὐτῶν
917 4197 974 4251 έν
989 4216 1097 4252 τινι
1117 4200 1290 4269 τόπῳ,
1319 4198 1470 4267 λέγει
1497 4201 1612 4261 τοῖς
1627 4197 1815 4252 παισί·

226 4289 543 4353 Καθίσατε,
586 4290 772 4361 φησὶν,
816 4290 986 4360 ὑμεῖς
1011 4287 1161 4345 ὦδε·
1195 4291 1311 4361 ἐγὼ
1344 4290 1412 4344 δὲ
1434 4291 1532 4344 καὶ
1578 4290 1647 4344 τὸ
1678 4305 1817 4343 παι-

220 4379 431 4449 δάριον
459 4380 894 4452 διελευσόμεθα
913 4383 1024 4449 ἕως
1050 4376 1188 4446 ὦδε,
1221 4389 1318 4436 καὶ
1339 4381 1815 4451 προσκυνήσαν-

220 4489 321 4540 τες
347 4472 1031 4546 πάλινάναστρέψομεν
1051 4475 1204 4544 πρὸς
1241 4472 1420 4544 ὑμᾶς.
1461 4475 1648 4527 Ἀκων
1681 4492 1817 4546 προ·-

219 4565 525 4634 εφήτευσεν
555 4567 584 4617 6
619 4565 896 4637 Ἀϐραὰμ,
937 4567 1036 4638 τῆς
1065 4565 1218 4629 θείας
1251 4565 1475 4636 χάριτος
1503 4564 1655 4636 αὐτῷ
1687 4584 1839 4641 συν-ι

221 4654 509 4728 εργούσης.
550 4656 762 4727 Σφάξαι
791 4658 997 4732 ἀνέρχῃ
1042 4657 1134 4720 τὸν
1176 4656 1290 4709 υἱόν
1326 4673 1442 4722 σου,
1479 4658 1576 4711 κα)⁸
1605 4657 1812 4726 λέγεις,

233 4747 758 4817 Ἀναστρέψομεν;
803 4748 892 4812 Ὠς
943 4749 1098 4819 ζητεῖ
1152 4748 1361 4821 κρύψαι
1411 4750 1541 4812 τοὺς
1593 4750 1811 4813 παῖδας,

221 4838 508 4908 προφήτης
540 4839 889 4893 καθίσταται.
929 4841 1040 4894 Καὶ
1068 4840 1233 4912 ἔθηκε
1283 4840 1353 4893 τὰ
1380 4840 1512 4905 ξύλα
1551 4842 1642 4894 ἐπὶ
1686 4844 1813 4906 τοὺς

219 4926 405 4998 ὤμους
451 4927 546 4981 τοῦ
591 4929 803 4992 Ἰσαὰκ,
857 4930 956 4983 καὶ·
984 4930 1166 4985 λαϐὼν
1221 4929 1333 5002 πῦρ
1383 4931 1478 4984 καὶ
1535 4931 1812 5004 μάχαιραν

219 5018 389 5090 ἀνέϐη
423 5018 516 5071 ἐπὶ
552 5019 615 5072 τὸ
643 5019 786 5092 ὅρος.
825 5022 938 5074 Καὶ
968 5021 1024 5074 τί
1067 5039 1233 5092 φησιν
1256 5024 1284 5075 ὁ
1322 5023 1510 5076 Ἰσαὰκ
1544 5023 1681 5095 πρὸς
1720 5025 1812 5077 τὸν

222 5109 436 5180 πατέρα
453 5127 468 5176 ;
487 5109 698 5179 Πάτερ.
725 5111 787 5164 '0
812 5111 902 5175 δὲ,
927 5113 985 5165 τί
1003 5113 1155 5178 ἐστι,
1181 5103 1399 5167 τέκνοᾶ·
1415 5129 1434 5177 ;
1454 5114 1567 5168 Καί
1582 5129 1776 5183 φησιν
1795 5129 1810 5144 ·

221 5200 352 5256 ίδοὺ
383 5201 450 5255 τὸ
472 5202 592 5271 πῦρ
613 5203 713 5257 καί
737 5202 810 5257 τὰ
829 5203 1008 5268 ξύλα·
1035 5205 1154 5258 ποῦ
1183 5205 1316 5261 ἐστι
1337 5204 1404 5258 τὸ
1420 5206 1723 5274 πρόϐατον
1741 5208 1811 5263 τὸ

217 5291 306 5354 είς
333 5289 793 5357 όλοκὰρπωσινς
831 5292 890 5344 '0
918 5292 976 5345 δὲ
1009 5293 1145 5364 πρὸς
1175 5293 1369 5346 αὐτὸν·
1411 5296 1441 5347 6
1462 5294 1596 5359 Θεὸς
1619 5295 1810 5366 ὄψεται

217 5379 397 5452 ἐαυτῷ
423 5381 694 5454 πρόϐατον
726 5385 807 5449 είς
853 5384 1254 5457 ὀλοκάρπωσιν,
1288 5386 1499 5441 τέκνον.
1551 5387 1682 5440 Ἰδοὺ
1715 5388 1810 5441 καὶ

218 5472 448 5543 δευτέρα
475 5459 822 5546 προφητεία·
859 5477 922 5528 ού
956 5476 1133 5546 στέγω
1165 5476 1289 5530 οῦτε
1322 5478 1391 5529 τά
1423 5479 1648 5548 ῥήματα
1674 5495 1811 5550 παρ-

217 5565 420 5631 ελθεῖν,
451 5566 577 5621 οὔτε
613 5570 998 5643 παραδραμεῖν
1032 5572 1102 5625 τὰ
1126 5573 1491 5644 γεγενημένα.
1524 5573 1809 5645 Ἐννόησον

215 5657 458 5728 ὀνόματα
501 5660 767 5730 μέλλοντα
803 5663 1146 5734 πραγμάτων
1198 5664 1564 5736 ἐρημοῦσθαι.
1618 5665 1808 5733 υῦτως

218 5749 420 5813 ἐκεῖνος
458 5751 552 5805 τὸν
580 5754 793 5826 πατέρα
827 5755 1001 5822 καλεῖ,
1038 5758 1291 5821 κάκεῖνος
1328 5757 1495 5812 πάλιν
1535 5759 1632 5812 τὸν
1665 5759 1804 5826 υἱὸν,

221 5839 309 5893 καὶ
342 5839 477 5912 πρὸς
521 5841 668 5915 ὥραν
715 5847 814 5916 μὲν
843 5841 910 5917 ἦν
945 5848 1010 5901 τὰ
1054 5848 1312 5921 ὀνόματα,
1341 5849 1573 5920 ἤμελλον
1614 5848 1669 5903 δέ
1701 5868 1800 5920 γυ-

1527 409 1619 465 DE
1657 408 1887 465 EBA-T0
1923 407 2286 464 ABRAHAMI‘

3429 405 3534 463 τω

1957 520 2239 594 μνοῦσθαι.
2305 517 2586 590 Ἐννόησον
2639 517 2770 588 γὰρ,
2818 517 2870 571 τί
2911 516 3148 588 ἔπασχεν
3195 520 3224 572 ὁ
3284 517 3537 590 Ἀϐραὰμ

1949 611 2283 684 καλούμενος
2339 610 2448 664 ὑπὸ
2488 608 2582 663 τοῦ
2635 609 2844 674 Ἰσαὰκ,
2898 608 2958 662 ὃν
3001 607 3203 679 ήμελλε
3251 609 3532 677 σφάττειν,

1945 704 2145 775 πάτερ.
2186 702 2314 768 Πῶς
2351 701 2413 755 ού
2445 699 2706 772 διεθρύϐη
2739 700 2811 754 τὰ
2859 699 3099 768 γόνατα;
3128 698 3245 763 πῶς
3271 699 3334 753 οὐ
3377 698 3533 771 [744]

1947 792 2288 863 ωνεκλάσθη
2319 791 2392 846 τά
2427 791 2600 864 μέλη;
2639 793 2759 856 πῶς
2785 791 2884 863 τήν
2928 791 3171 846 διάνοιαν
3212 793 3314 846 οὐκ
3365 791 3536 846 ἔπαθε

1943 886 2118 941 ταῦτα
2140 885 2383 950 ἀκούσας
2421 887 2577 958 παρά
2619 884 2715 940 τοῦ
2759 885 2879 939 υἱοῦ
2919 885 3136 952 Ἰσαάκ,
3188 885 3383 956 Ὅμως
3431 887 3528 939 ἀν-

1945 981 2168 1052 ήνεγκε,
2201 979 2298 1032 καὶ
2341 977 2658 1032 συνεπόδισε
2699 978 2792 1033 τὸν
2845 978 3054 1042 Ἰσαάκ,
3078 979 3175 1032 καὶ
3221 977 3384 1032 ἔλαϐε
3433 981 3536 1052 τὴν

1947 1072 2226 1144 μάχαιραν
2262 1072 2329 1143 τῇ
2358 1069 2510 1142 δεξιᾷ
2537 1069 2705 1142 χειρὶ,
2738 1069 2826 1124 ἵνα
2865 1068 3043 1142 σφάξῃ
3073 1070 3167 1123 τὴν
3199 1069 3314 1124 υἱὸν
3343 1070 3530 1127 αὑτοῦ.

2017 1165 2082 1220 ’Ὠ
2111 1165 2211 1236 τῆς
2241 1163 2424 1228 δεξιᾶς
2459 1164 2681 1236 ἐκείνης·
2717 1164 2817 1236 τῆς
2865 1163 3008 1218 κατὰ
3038 1161 3136 1217 τοῦ
3163 1161 3282 1218 υίοῦ
3319 1162 3537 1228 ότιλιζο⁸

1945 1257 2138 1328 μένης·
2167 1256 2269 1310 οὐκ
2292 1256 2403 1328 εχω
2424 1255 2543 1320 πῶς
2564 1257 2904 1330 παραστήσω
2934 1255 3016 1328 τῷ
3038 1256 3184 1329 λόγῳ
3210 1256 3280 1312 τά
3309 1273 3538 1328 γεγενη-

1945 1346 2106 1417 μένα.
2132 1341 2261 1410 Πῶς
2294 1346 2396 1400 οὐκ
2419 1345 2738 1418 ,ἐνάρκησεν
2762 1349 2796 1419 ή
2829 1345 2951 1418 χείρ
2976 1362 2991 1412 ;
3018 1345 3136 1410 πῶς
3159 1346 3261 1400 οὐκ
3286 1345 3450 1399 ἔπεσε
3477 1347 3537 1400 τὸ

1943 1437 2093 1507 ξίφος
2113 1437 2222 1491 ἀπὸ
2240 1438 2339 1510 τῆς
2360 1438 2542 1510 χειρός
2558 1455 2574 1505 ;
2599 1439 2718 1504 πῶς
2733 1441 2795 1494 οὐ
2812 1439 3034 1511 διελύθη
3049 1439 3189 1505 ὅλος,
3213 1440 3308 1494 καὶ
3322 1440 3537 1513 διεθρύ-

1942 1529 2044 1601 ϐη;
2077 1529 2198 1593 πῶς
2221 1529 2279 1584 δέ
2315 1531 2518 1605 ἢρκεσε
2551 1533 2745 1605 στῆναι
2772 1533 2866 1588 καὶ
2894 1533 3023 1588 ίδεῖν
3045 1534 3140 1589 τὸν
3180 1532 3369 1588 Ἰσαὰκ
3389 1533 3538 1587 δεδε-

1945 1621 2135 1692 μένον;
2170 1621 2288 1685 πῶς
2316 1622 2374 1675 δὲ
2410 1624 2512 1678 οὐκ
2537 1621 2724 1695 ἔμεινε
2761 1624 2958 1696 νεκρός
2991 1625 3181 1693 ἄφνως
3223 1623 3344 1688 πῶς
3381 1625 3438 1677 δὲ
3471 1623 3540 1674 τὰ

1942 1711 2294 1787 νεῦραΙαῦτῷ
2328 1714 2717 1787 ύπηρέτησαν;
2753 1715 2872 1780 πῶς
2897 1715 2955 1770 δέ
2982 1717 3016 1788 ἠ
3046 1715 3241 1788 γνώμη
3272 1717 3538 1788 ήρκεσεν,

1941 1805 2056 1858 Οὐκ
2088 1802 2216 1875 ἔχω,
2254 1805 2372 1868 πῶς
2402 1807 2744 1878 παραστήσω
2776 1806 2854 1878 τῷ
2885 1806 3028 1880 λόγῳ
3059 1807 3122 1861 τὸ
3147 1808 3536 1879 γεγενημένον.

1942 1895 2098 1949 Ὅσοι
2132 1896 2370 1969 πατέρες
2392 1897 2426 1967 ἢ
2463 1899 2720 1970 μητέρες,
2752 1897 3056 1966 συνέλθετε,
3097 1901 3258 1970 χεῖρα
3281 1898 3537 1970 όρέξατε.

1942 1986 2245 2059 βοηθήσατε
2272 1989 2352 2060 τῷ
2389 1989 2555 2062 λόγῳ·
2589 1991 2766 2047 ἀτονῶ
2788 1992 2896 2066 γὰρ
2928 1993 3068 2064 πρὸς
3100 1996 3173 2047 τὰ
3199 1994 3538 2065 πράγματα·

1941 2078 2240 2148 σύγγνωτε,
2272 2080 2388 2134 ἀλλ’
2421 2082 2582 2154 ὑμεῖς
2617 2086 3042 2156 συμμαχήσατε.
3075 2083 3347 2150 Πολλάκις
3376 2087 3534 2140 πέντε

1938 2170 1971 2241 ἦ
1999 2171 2093 2226 καὶ
2115 2171 2174 2240 ἒξ
2200 2175 2352 2240 υίοὺς
2392 2175 2505 2247 ἔχει
2545 2195 2628 2241 τις
2662 2178 2757 2232 καὶ
2795 2178 3134 2252 θυγατέρας·
3163 2179 3262 2234 καὶ
3283 2179 3430 2237 ,ἐπάν
3459 2173 3540 2244 είς

1937 2255 1998 2326 ἐξ
2018 2263 2200 2318 αὐτῶν
2231 2267 2588 2341 ἀρρωστήσῃ.
2627 2269 2977 2342 περιέρχεται
3008 2270 3138 2343 ὅλην
3165 2272 3266 2343 τὴν
3290 2271 3480 2337 κλίνην
3511 2274 3540 2328 6

1937 2354 2140 2427 πατὴρ,
2173 2357 2344 2426 φιλῶν
2363 2360 2458 2413 τοῦ
2483 2360 2674 2426 παιδὸς
2704 2363 2833 2422 τοὺς
2865 2362 3203 2434 ὀφθαλμοὺς,
3226 2365 3326 2428 τάς
3351 2367 3542 2435 χεῖρας

1937 2449 2471 2520 περιπτυσσόμενος,
2507 2452 2608 2523 τὴν
2658 2453 2877 2524 ἡμέραν
2931 2453 3106 2509 νύκτα
3148 2456 3534 2526 λογιζόμενος,

1935 2537 2030 2589 καὶ
2079 2537 2139 2591 τὺ
2193 2538 2311 2608 φῶς
2361 2542 2584 2609 σκότος,
2633 2543 2694 2596 οὐ
2733 2543 2803 2598 τὰ
2846 2547 3088 2615 στοιχεῖα
3142 2548 3535 2618 μεταϐάλλων,

1933 2627 2071 2682 ἀλλά
2096 2633 2162 2700 τῇ
2203 2631 2368 2704 ἀηδίᾳ
2394 2633 2496 2704 τῆς
2527 2633 2710 2706 λύπης
2748 2637 2850 2690 οὐκ
2873 2638 3305 2710 εὐφραινόμενος
3321 2642 3410 2694 ἐπ’
3436 2643 3536 2696 αύ-

1934 2723 2064 2785 τοῖς·
2097 2721 2277 2778 κλῖναι
2311 2725 2654 2797 ἐστρωμέναι
2681 2729 2912 2794 άπαλαὶ,
2948 2731 3127 2802 ἰατροὶ
3148 2733 3538 2804 παρακαθεζό-

1938 2830 2113 2881 μενοι,
2135 2813 2305 2888 πολλὴ
2334 2819 2368 2889 ή
2406 2817 2705 2892 δορυφορία
2723 2821 2817 2874 τοῦ
2846 2822 3288 2893 ἀνωμαλοῦντος,
3308 2828 3536 2899 τήκεται

1932 2903 2053 2967 ὅλος
2068 2903 2135 2958 δι’
2163 2906 2287 2960 ὅλου
2313 2909 2342 2961 6
2371 2911 2579 2983 πατήρ·
2610 2911 2712 2965 κᾶν
2736 2915 3061 2984 περιουσίαν
3083 2914 3183 2988 ἔχῃ
3207 2919 3534 2990 χρημάτων,

1931 2997 2212 3052 ἀπευκτέα
2265 3001 2416 3073 αὐτῷ
2447 3003 2594 3067 ἐστι,
2655 3003 2761 3058 κάν
2804 3007 3006 3080 μυρίας
3065 3008 3165 3081 ἔχῃ
3209 3011 3532 3081 φροντίδας,

1930 3087 2110 3154 πάσας
2141 3089 2349 3158 διώκει,
2377 3093 2437 3146 ού
2465 3094 2765 3166 δυνάμενος
2785 3099 3088 3170 ἀνανῆψαι,
3123 3103 3188 3156 ἐκ
3222 3103 3322 3175 τῆς
3355 3104 3536 3177 λύπης

1933 3179 2171 3250 μεθύων·
2213 3183 2308 3235 καὶ
2346 3185 2375 3237 6
2404 3186 2513 3248 πᾶς
2547 3186 2699 3259 αὺτῷ
2725 3189 2931 3260 κόσμος
2956 3189 3178 3258 ἀνίατος
3205 3193 3299 3248 τοῦ
3339 3196 3533 3253 κακοῦ.

1942 3273 2175 3343 Ὁμοίως
2205 3275 2303 3328 καὶ
2330 3275 2363 3346 ή
2388 3276 2574 3349 μήτηρ
2597 3279 2952 3352 περιέρχεται
2974 3283 3400 3360 διακοπτομένη,
3431 3292 3534 3360 ἐμ-

1930 3363 2294 3437 πυριζομένη,
2331 3367 2426 3420 καὶ
2458 3369 2812 3442 ἀναπτομένη
2837 3372 2934 3445 ὅλη
2955 3413 2969 3436 ,
3011 3377 3254 3446 ζητοῦσα
3279 3378 3533 3453 δύναμιν,

1929 3456 2016 3509 ἵνα
2047 3457 2459 3529 συμμερίσηται
2486 3462 2578 3516 τὸν
2619 3462 2801 3516 πόνον·
2843 3466 3046 3536 μᾶλλον
3076 3470 3134 3523 δέ
3175 3471 3263 3525 ἵνα
3293 3473 3387 3526 καὶ
3414 3475 3533 3529 ὅλον

1928 3546 2278 3640 ἀναδέξηται,
2312 3550 2398 3604 ἵνα
2426 3552 2489 3606 τὸ
2521 3554 2864 3627 κακούμενοι]
2887 3559 3080 3614 τέκνον
3113 3562 3402 3639 ἀπαλλαγῇ
3433 3569 3533 3640 τῆς

1928 3639 2107 3694 νόσου.
2149 3640 2318 3696 Οὐδὲν
2346 3642 2488 3715 αὐτῇ
2521 3644 2551 3697 6
2579 3645 2771 3717 παρὼν
2810 3647 2956 3719 βίος,
2988 3651 3142 3707 οὐδὲν
3176 3655 3314 3728 αὐτῇ
3347 3659 3375 3710 6
3406 3639 3533 3724 μέλ-

1927 3730 2075 3796 λων,
2129 3732 2268 3787 ἀλλά
2317 3735 2539 3790 πάντων
2583 3739 2791 3793 τούτων
2840 3743 3170 3817 τιμιώτερον
3217 3751 3432 3819 ήγείται
3473 3753 3532 3806 τὸ

1929 3825 2111 3878 πᾶσαν
2160 3825 2519 3894 ἀναδέξασθαι
2553 3830 2654 3901 τὴν
2681 3831 2838 3887 νόσον
2866 3835 2961 3889 τοῦ
3007 3839 3227 3895 τέκνου.
3270 3843 3384 3896 Οὐκ
3424 3845 3531 3916 ἔχω

1927 3917 2046 3982 πῶς
2077 3921 2417 3991 παραστήσω
2442 3922 2508 3974 τὸ
2532 3923 2704 3988 πάθος
2733 3925 2913 3981 τοῦτο.
2971 3930 3258 4003 Ἐννόησον
3294 3938 3388 3990 καὶ
3442 3939 3531 3992 τὸν

1940 4010 2194 4082 Ἀϐραὰμ
2226 4012 2295 4065 τά
2327 4012 2471 4067 αὐτὰ
2501 4015 2784 4086 πάσχοντα
2827 4021 2959 4089 μὲν,
3005 4023 3402 4094 φιλοσοφοῦντα
3431 4032 3488 4084 δὲ
3515 4076 3528 4092 ,

1926 4101 2020 4154 καὶ
2044 4101 2123 4172 τῷ
2163 4104 2551 4176 προστάγματι
2592 4109 2938 4180 πειθόμενον·
2968 4117 3269 4171 κατεπάτει
3296 4119 3393 4192 τὴν
3433 4124 3530 4192 φύ-

1926 4210 2030 4260 σιν,
2058 4196 2156 4249 καὶ
2185 4197 2222 4266 ή
2243 4195 2434 4269 ἐντολὴ
2457 4196 2570 4254 τῶν
2602 4199 2930 4273 σπλάγχνων
2963 4205 3175 4277 ἐγίνετο
3211 4211 3417 4280 μᾶλλον
3438 4215 3529 4267 δυ-

1923 4285 2224 4357 νατωτέρα.
2260 4288 2508 4361 ’Ἐπασχε
2536 4289 2636 4360 μὲν
2673 4292 2783 4364 γὰρ
2814 4295 3013 4361 ταῦτα,
3043 4299 3120 4364 ὡς
3145 4306 3432 4374 προεῖπον,
3455 4307 3529 4371 ὠς

1923 4376 2233 4450 ἄνθρωπος,
2269 4382 2662 4453 ἐφιλοσόφειδέ
2696 4387 2773 4451 ὡς
2813 4389 3084 4457 φιλόθεος.
3136 4395 3250 4448 Καὶ
3293 4391 3362 4468 ἦν
3400 4399 3530 4452 ἰδεῖν

1923 4467 2015 4522 τὸν
2055 4470 2241 4523 Ἰσαὰκ
2268 4471 2524 4546 μάρτυρα
2549 4474 2729 4540 ζῶντα
2753 4478 2848 4530 καὶ
2870 4479 2932 4530 οὐ
2959 4478 3162 4549 ζῶντα,
3187 4467 3530 4540 ἀποθανόντα

1923 4561 2020 4614 καὶ
2049 4562 2150 4614 οὐκ
2178 4563 2540 4619 ἀποθανόντα.
2577 4568 2740 4622 Ὅσον
2776 4569 2875 4639 μὲν
2905 4572 3014 4642 γὰρ
3044 4576 3111 4645 τῇ
3146 4575 3408 4644 προθέσει
3432 4578 3530 4632 τοῦ

1926 4650 2154 4720 πατρὸς,
2185 4652 2476 4708 ἀπέθανεν·
2501 4656 2625 4710 ὅσον
2653 4656 2710 4710 δέ
2734 4661 2800 4729 τῇ
2826 4659 2923 4714 τοῦ
2952 4661 3090 4716 Θεοῦ
3117 4664 3527 4741 φιλανθρωπίᾳ,

1921 4743 2023 4796 οὐκ
2050 4743 2318 4798 ἀπέθανε·
2345 4745 2516 4811 τύπος
2543 4747 2654 4820 γὰρ
2681 4745 2750 4822 ἦν
2777 4752 2874 4805 τοῦ
2911 4755 3187 4810 Δεσπότου
3217 4760 3312 4812 καὶ
3335 4760 3522 4814 είκών·

1921 4835 2292 4924 ἐχρησίμευσε
2322 4838 2380 4891 δὲ
2404 4840 2433 4891 6
2456 4838 2646 4906 τύπος,
2678 4844 2772 4896 καὶ
2801 4845 3087 4918 ἐκδέχεται
3116 4851 3218 4922 τὴν
3241 4851 3524 4924 ἀλήθειαν.

1922 4923 2057 4982 Εἶτα
2090 4929 2482 5000 συμποδίζεται
2526 4935 2555 4987 ό
2593 4934 2812 5002 Ἰσαὰκ,
2847 4938 2942 4991 καὶ⁵
2991 4941 3052 4993 οὐ
3110 4923 3478 5011 σφαγιάζεται
3504 4963 3520 4976 ·

1919 5013 2050 5088 ἦλθε
2090 5019 2199 5092 γάρ
2226 5019 2434 5075 ἀνωθεν
2462 5025 2616 5095 φωνὴ
2644 5024 2799 5079 ἐλέου
2842 5028 2936 5081 καὶ
2979 5029 3394 5102 φιλανθρωπίας
3431 5037 3524 5104 γέο

1924 5128 2123 5181 μουσα,
2151 5114 2248 5166 καὶ
2279 5114 2466 5186 ἐπέχει
2519 5116 2613 5170 τὸν
2662 5120 3012 5192 πατριάρχην
3049 5122 3172 5177 ὅλον
3199 5126 3524 5198 ἐγκείμενον

1920 5199 2050 5254 ὄντα
2092 5201 2185 5255 καὶ
2241 5202 2459 5274 ἕτοιμον
2517 5207 2654 5278 πρὸς
2710 5209 2813 5280 τὴν
2867 5211 3126 5284 σφαγὴν,
3188 5215 3283 5268 καί
3331 5234 3518 5288 φησιν·

1934 5290 2200 5361 Ἀϐραὰμ,
2229 5294 2495 5363 Ἀϐραὰμ,
2513 5296 2602 5368 μὴ
2622 5297 2922 5370 ἑπιϐἁλῃς
2945 5303 3062 5372 τὴν
3082 5304 3252 5375 χεῖρά
3268 5325 3386 5362 σου
3416 5311 3518 5364 ἐπί

1919 5383 1988 5437 τὸ
2021 5384 2362 5454 παιδάριον.
2390 5388 2491 5442 Διά
2519 5391 2572 5443 τί
2600 5392 2724 5464 οὐχὶ
2761 5393 2857 5447 ἐπὶ
2891 5396 2984 5449 τὸν
3011 5398 3205 5464 παῖδα,
3232 5401 3351 5454 ἀλλ’
3384 5402 3517 5458 Ἐπὶ

1919 5477 1988 5530 τὸ
2015 5477 2333 5547 παιδάριον
2347 5496 2368 5547 ;
2397 5482 2489 5537 διά
2509 5484 2563 5538 τί
2588 5485 2891 5554 εὐτελίζει;
2932 5489 3258 5562 Ἀνθρωπος
3288 5494 3398 5567 γὰρ
3423 5491 3514 5566 ἦν·

1920 5569 2053 5625 Υίοῦ
2076 5572 2131 5626 δὲ
2161 5567 2231 5645 ἦν
2255 5575 2435 5646 χρεία,
2454 5577 2514 5629 οὐ
2549 5579 2864 5651 παιδαρίου·
2891 5584 2953 5637 οὐ
2983 5583 3195 5651 δούλου,
3230 5586 3348 5640 ἀλλ’
3383 5587 3512 5641 Tia-3

1918 5662 2172 5734 ἀληθινοῦ
2191 5663 2344 5735 [745]
2373 5666 2722 5737 μονογενοῦς,
2749 5672 2901 5742 παρὰ
2924 5672 3138 5746 Πατρὸς
3156 5675 3514 5746 ἀπεσταλμέ-

1919 5773 2012 5810 νου
2041 5757 2179 5829 πρὸς
2212 5760 2382 5829 ἡμᾶς.
2411 5761 2512 5829 Μὴ
2527 5762 2820 5835 ἐπιόἁλῃς
2854 5767 2974 5836 τὴν
2990 5765 3161 5838 χεῇοά
3183 5783 3300 5822 σου
3325 5768 3424 5822 ἐπὶ
3443 5770 3512 5822 τὸ

1924 5847 2261 5918 παιδάριον.
2303 5851 2614 5925 Ἦρκέσβης
2653 5856 2731 5927 τῷ
2760 5857 2935 5930 τύπῳ,
2992 5859 3210 5932 ἐκδέχου
3250 5861 3352 5933 τὴν
3379 5859 3512 5932 ἁλή⁴
