4084 6434
586 366 690 421 ⁸143

586 479 684 531 Iire
714 475 837 530 fecit
864 473 918 528 in
945 471 1245 527 hominibus
1270 480 1322 526 et
1357 471 1408 523 in
1446 469 1717 537 iumentis.
1748 467 1952 523 Deinde
1980 508 1995 532 ,
2043 479 2163 519 cum

587 576 710 637 post
738 575 909 618 lamas
933 563 1115 632 plagas
1133 562 1340 616 Phara‘o
1370 575 1472 614 non
1504 559 1718 614 cederet
1742 601 1756 625 ,
1785 559 1994 614 deruunt
2026 557 2166 612 Deus

587 664 813 709 mortem
842 652 1310 723 primogenitorum
1340 650 1574 704 immittit
1609 667 1623 702 :
1653 650 1796 713 inde,
1831 656 1886 700 ut
1909 661 2164 716 compen-

584 745 674 798 dio
697 744 906 809 dicam,
949 757 1016 796 ne
1061 743 1144 796 his
1184 741 1381 795 diutius
1420 740 1712 794 immoraris
1752 740 2010 807 promissa
2058 753 2164 792 non

584 837 880 908 compleam
912 834 1152 904 :egressi
1189 841 1312 888 sunt
1350 847 1414 887 ex
1443 842 1581 886 terra
1611 830 1822 901 Egypti
1849 873 1863 897 ,
1904 838 1958 884 et
2002 845 2166 884 vene-

584 937 708 982 runt
734 925 798 981 ad
825 940 972 980 oram
999 922 1181 977 maris.
1215 922 1524 976 Exercitum
1554 931 1672 990 post
1699 922 1816 974 illos
1844 919 1996 973 duxit
2023 920 2163 973 Pha-

580 1033 675 1070 rao
701 1032 820 1072 cum
848 1014 1179 1070 multitudine
1203 1027 1453 1067 curruum
1485 1021 1534 1067 et
1560 1026 1818 1082 equorum
1851 1028 1864 1063 :
1906 1019 1965 1063 ut
1995 1009 2163 1064 aciem

585 1109 717 1163 vidit
749 1107 906 1162 Israel
931 1147 946 1172 ,
981 1106 1173 1160 timore
1214 1114 1493 1173 correptus
1531 1111 1634 1160 est.
1679 1102 1948 1156 Venerunt
1985 1109 2162 1157 autem

577 1199 644 1252 ad
677 1199 800 1252 litus
829 1197 992 1252 maris
1022 1213 1035 1249 :
1065 1196 1303 1264 dixitque
1336 1196 1473 1249 Deus
1498 1195 1660 1265 Moysi
1688 1213 1699 1247 :
1731 1193 1862 1258 Quid
1884 1197 2071 1246 clamas
2097 1196 2164 1247 ad

576 1307 655 1342 me
687 1287 898 1359 (Exod.
932 1289 1018 1343 I4.
1052 1288 1120 1342 i5
1147 1287 1202 1357 )?
1228 1287 1373 1357 atqui
1401 1286 1529 1340 nihil
1556 1288 1766 1341 diccbat
1793 1286 2021 1357 Moyses.
2052 1285 2160 1341 Sed

578 1382 708 1434 dixit
736 1382 808 1435 illi
834 1423 848 1446 ,
883 1381 1027 1436 Deus
1056 1396 1172 1435 sum
1197 1420 1213 1446 ,
1243 1381 1332 1449 qui
1368 1393 1472 1433 non
1503 1393 1566 1432 ea
1596 1379 1768 1433 solum
1794 1419 1808 1444 ,
1850 1393 1968 1447 qua:
2005 1377 2158 1432 labiis

581 1471 959 1540 proferuntur,
998 1471 1196 1536 audio,
1249 1469 1341 1523 sed
1390 1469 1549 1522 etiam
1598 1484 1699 1533 ea,
1746 1484 1865 1538 quas
1908 1470 1960 1522 in
2000 1469 2160 1523 corde

577 1572 700 1616 sunt
725 1603 748 1631 ,_
769 1575 1035 1631 cognosco
1059 1601 1074 1627 ,
1111 1569 1166 1612 ut
1196 1559 1370 1613 discas
1396 1599 1410 1619 ,
1453 1573 1559 1613 non
1603 1558 1655 1612 in
1695 1559 1928 1614 clamore
1964 1558 2161 1612 oratio-

575 1668 699 1708 nem
725 1627 757 1718 ,δ
771 1627 862 1707 sed
905 1653 960 1705 in
993 1651 1173 1704 animo
1200 1650 1390 1704 emitti.
1428 1649 1564 1716 Quid
1592 1650 1780 1702 clamas
1806 1649 1875 1702 ad
1911 1649 2028 1702 me?
2055 1649 2156 1703 La-

576 1743 678 1798 biis
707 1742 920 1812 quidem
961 1741 1072 1796 suis
1109 1739 1238 1795 nihil
1269 1740 1579 1809 loquebatur
1603 1781 1617 1806 ,
1647 1739 1740 1794 sed
1770 1739 1932 1794 corde
1957 1739 2156 1793 clama-

573 1836 663 1889 bat
694 1853 706 1889 :
753 1835 922 1888 oratio
965 1834 1158 1904 quippe
1200 1833 1486 1902 requiritur
1523 1848 1588 1887 ex
1631 1833 1808 1886 animo
1837 1832 1978 1887 bono
2004 1875 2018 1899 ,
2049 1849 2153 1888 non

573 1942 638 1980 ex
669 1925 903 1980 clamore
933 1939 1140 1994 magno.
1171 1924 1306 1989 Quid
1325 1924 1515 1979 clamas
1545 1924 1612 1976 ad
1637 1924 1758 1978 me?
1784 1924 2024 1979 Extende
2048 1926 2155 1978 vir-

571 2032 691 2088 gam
720 2059 734 2083 ,
767 2033 922 2086 quam
950 2031 1111 2070 manu
1138 2025 1313 2086 gestas
1342 2057 1355 2082 ,
1382 2031 1541 2085 super
1570 2031 1714 2070 mare
1738 2058 1752 2083 ,
1801 2025 1853 2070 et
1894 2017 2153 2085 pertransi

576 2122 628 2163 tu
661 2120 713 2165 et
742 2123 928 2164 omnes
955 2109 1046 2163 filii
1068 2108 1248 2164 Israel.
1275 2107 1525 2163 Extendit
1547 2123 1675 2162 vero
1700 2108 1902 2179 Moyses
1929 2109 2150 2178 virgam,

572 2215 727 2269 quam
757 2215 913 2253 manu
945 2201 1218 2269 gestabat,
1243 2208 1296 2254 et
1317 2201 1576 2268 percussit
1603 2203 1789 2268 mare(
1817 2198 1895 2252 Ib.
1921 2216 1968 2252 ιν.
2000 2199 2106 2270 16)
2135 2218 2148 2253 :

571 2304 678 2346 tum
708 2292 1090 2361 incompositus
1129 2307 1382 2362 aquarum
1425 2293 1650 2360 impetus
1694 2293 1988 2346 exsiccatus
2025 2301 2106 2347 est
2131 2334 2148 2360 ,

568 2396 622 2439 et
650 2385 876 2454 nrOprice
907 2385 1101 2438 oblitus
1130 2393 1212 2438 est
1257 2393 1477 2437 natnrre.
1511 2383 1639 2437 Tale
1678 2384 1870 2454 quippe
1908 2393 1989 2438 est
2036 2384 2148 2438 ele-

571 2487 803 2530 mentum
833 2492 850 2530 :
878 2491 996 2530 cum
1027 2475 1119 2530 Dei
1149 2484 1307 2529 nutus
1335 2474 1535 2528 accedit
1560 2515 1574 2537 ,
1625 2476 1851 2543 propria:
1884 2473 2148 2528 oblivisci-

566 2577 648 2618 tur
669 2575 868 2619 natura:
890 2604 905 2630 ,
931 2575 984 2619 et
1005 2565 1268 2634 propriam
1292 2564 1524 2619 refrenat
1547 2556 1930 2633 operationem.
1955 2564 2150 2631 Quem-

569 2656 850 2710 admodum
882 2657 1020 2708 enim
1053 2655 1241 2708 ant-illa
1273 2653 1410 2708 bene
1435 2654 1622 2708 affecta
1647 2695 1662 2718 ,
1687 2670 1834 2708 mare
1861 2696 1874 2717 ,
1902 2656 1988 2709 ubi
2021 2655 2151 2709 vidit

569 2747 776 2800 Domini
799 2747 878 2800 sui
907 2746 1159 2799 famulum
1182 2786 1196 2810 ,
1220 2745 1610 2813 obtemperavit
1635 2753 1687 2799 et
1709 2744 1943 2798 obedivit
1971 2764 1982 2796 :
2018 2746 2145 2799 obe-

565 2840 692 2892 divit
734 2849 947 2901 autent,
994 2853 1096 2891 non
1140 2837 1334 2906 lignum
1378 2836 1582 2889 aridum
1628 2837 1888 2900 reverita,
1937 2836 2030 2890 sed
2075 2837 2145 2892 ob

569 2928 713 2980 illum
737 2928 824 2996 qui
852 2928 903 2980 in
929 2927 1068 2995 ligno
1092 2925 1478 2994 crnciIigendus
1500 2935 1632 2979 erat.
1666 2925 1808 2980 Vidit
1835 2927 1991 2996 igitur
2017 2929 2149 2981 ima-

566 3019 738 3084 ginem
765 3058 778 3080 ,
829 3027 883 3071 et
929 3016 1104 3069 statim
1135 3015 1399 3069 intellexit
1443 3017 1762 3082 veritatem,
1806 3026 1860 3070 et
1904 3019 2142 3072 recessit.

569 3109 835 3164 I‘ertransi
865 3119 938 3174 tu,
963 3107 1148 3178 inquit,
1168 3116 1220 3161 et
1241 3109 1411 3162 omnis
1431 3108 1654 3176 populus
1673 3107 1854 3162 Israel.
1879 3109 2002 3164 Inde
2023 3127 2144 3179 per-

565 3198 935 3266 transivitipse
961 3211 1014 3252 et
1034 3198 1204 3252 omnis
1236 3198 1458 3268 populus
1478 3198 1635 3252 Israel
1679 3218 1692 3253 :
1732 3202 1937 3269 sequuti
1969 3211 2143 3255 autem

567 3301 690 3344 sunt
720 3300 772 3343 et
801 3289 1034 3359 Egyptii
1067 3301 1444 3359 persequentes
1476 3291 1629 3354 illos;
1673 3307 1860 3360 nempe
1896 3293 2102 3349 Pharao
2123 3336 2137 3361 ,

563 3393 615 3436 rt
644 3397 830 3437 currus
856 3383 972 3451 ejus
1003 3392 1055 3436 et
1082 3381 1306 3451 equites.
1336 3381 1536 3437 Deinde
1567 3393 1842 3453 postquam
1868 3384 1957 3439 ﬁlii
1981 3385 2142 3441 Israel

568 3476 986 3541 pertransicrant
1024 3515 1038 3540 ,
1069 3475 1372 3543 supervenit
1410 3489 1542 3544 aqua
1570 3515 1583 3538 ,
1634 3484 1687 3530 et
1731 3478 1938 3545 operuit
1980 3477 2144 3549 Egy-

566 3567 719 3633 ptios.
755 3566 843 3620 Dic
872 3565 997 3619 mihi
1028 3566 1203 3634 itaque
1228 3607 1240 3628 ,
1275 3566 1453 3620 Judace
1478 3607 1492 3632 ,
1516 3566 1783 3634 quomodo
1805 3583 1938 3638 aqua
1969 3569 2140 3638 bapti-

566 3655 748 3709 sinatis
781 3656 908 3708 duas
940 3655 1097 3709 habet
1126 3657 1459 3724 Operationes
1484 3699 1497 3721 ,
1531 3657 1599 3709 ita
1627 3667 1682 3710 ut
1703 3658 1861 3712 alium
1886 3659 2139 3727 sulfocet,

565 3746 725 3798 alium
756 3744 1025 3799 vivificet?
1052 3745 1133 3798 die
1161 3745 1287 3798 mihi
1313 3786 1326 3808 ,
1359 3746 1624 3814 quomodo
1659 3762 1804 3801 mare
1839 3748 1966 3803 illud
1991 3791 2006 3816 ,
2049 3767 2142 3805 na-

566 3846 677 3888 tura
709 3850 801 3888 sua
832 3852 990 3888 unum
1018 3877 1032 3899 ,
1075 3836 1207 3890 alios
1245 3836 1456 3904 quidem
1502 3837 1674 3896 vivose
1699 3841 1967 3906 servavit,
2008 3842 2142 3897 alios

564 3936 737 3979 autem
769 3926 994 3996 perdidit
1020 3942 1032 3988 ;
1058 3926 1188 3979 alios
1214 3926 1423 3994 quidem
1454 3927 1755 3995 prrefocavit
1777 3971 1791 3994 ,
1823 3931 1937 3985 aliis
1963 3942 2138 3987 autem

566 4021 701 4071 viam
733 4018 974 4086 prmstitit
1001 4059 1017 4081 ,
1051 4018 1172 4071 licet
1198 3999 1336 4072 unus
1369 4019 1436 4070 sit
1477 4027 1530 4072 ct
1571 4020 1950 4088 incompositus
1976 4038 2143 4092 aqua-

567 4124 682 4160 rum
716 4105 982 4175 impetus?
1026 4115 1079 4159 et
1108 4106 1373 4174 quomodo
1404 4107 1521 4160 illos
1553 4110 1762 4178 quidem
1789 4125 1886 4164 ceu
1916 4111 2140 4168 famulos

563 4199 846 4252 reveritum
898 4206 1016 4260 est,
1068 4213 1189 4266 erga
1239 4198 1336 4252 Itos
1386 4209 1559 4252 autem
1607 4200 1885 4255 barbarum
1938 4218 2140 4259 morem

567 4291 823 4344 imitatum
857 4289 984 4343 est?
1011 4289 1365 4357 Interpretare
1395 4288 1521 4342 mihi
1551 4290 1675 4344 illud
1701 4332 1713 4355 ,
1746 4307 1778 4344 ο
1806 4291 1986 4347 Judazc
2009 4337 2024 4360 ,
2051 4295 2139 4364 qui

565 4381 710 4434 cruci
757 4395 862 4433 non
907 4379 1083 4433 credis
1108 4421 1122 4444 ,
1163 4379 1431 4447 quomodo
1472 4380 1657 4435 eadem
1702 4383 1812 4450 ipsa
1851 4399 1985 4453 aqua
2025 4385 2139 4438 illos

567 4470 867 4540 prmfocavit
891 4510 905 4531 ,
936 4478 988 4522 et
1033 4470 1130 4524 hos
1170 4469 1417 4524 servavit.
1465 4469 1578 4540 Una
1624 4481 1737 4526 erat
1773 4487 1906 4542 aqua
1929 4513 1947 4539 ,
1973 4490 2137 4528 unum

567 4578 712 4617 mare
735 4603 750 4625 ,
785 4571 836 4615 et
867 4561 1052 4614 horum
1087 4578 1152 4614 ne
1179 4561 1365 4630 pedem
1403 4562 1613 4630 quidem
1653 4563 1972 4629 madefecit,
2023 4566 2151 4620 iIIo-.

567 4671 681 4708 rum
711 4668 837 4708 vero
863 4668 930 4707 ne
958 4653 1235 4721 vestigium
1273 4653 1485 4722 quidem
1530 4653 1777 4723 reliquit,
1822 4657 1914 4711 sed
1953 4673 2139 4713 omnes

563 4745 718 4799 simul
750 4759 883 4813 aqua
911 4744 1219 4812 cooperuit,
1251 4757 1635 4813 communeque
1664 4746 1964 4814 sepulcrum
1992 4763 2138 4817 mare

562 4836 686 4891 fecit
713 4836 960 4890 universo
982 4835 1174 4904 populo
1201 4833 1589 4905 Egyptiorum.
1611 4835 1729 4902 Dic,
1758 4853 1939 4906 qumso
1959 4881 1972 4904 ,
2006 4841 2136 4894 mihi

563 4927 663 4978 hoc
692 4925 957 4994 quomodo
984 4924 1172 4976 factum
1199 4925 1286 4978 sit.
1325 4924 1484 4979 Vides
1505 4927 1769 4993 quomodo
1792 4928 1974 4982 umbra
2005 4946 2140 4998 pra:-

562 5015 822 5080 cesserit,
862 5023 916 5067 ut
955 5013 1114 5068 fidem
1159 5015 1420 5069 inveniret
1459 5015 1701 5070 veritas?
1741 5020 2004 5085 quomodo
2050 5021 2138 5076 illa

563 5105 774 5174 quidem
806 5105 985 5158 umbra
1012 5146 1027 5168 ,
1060 5105 1173 5160 haec
1193 5114 1368 5159 autem
1395 5106 1632 5161 veritas?
1664 5108 1750 5162 illa
1778 5109 1960 5163 umbra
1986 5152 2001 5175 ,
2026 5112 2139 5167 hazc

566 5209 648 5248 res
679 5196 850 5262 ipsa)?
879 5195 1040 5248 Vides
1067 5237 1080 5259 ,
1111 5194 1292 5264 utjam
1319 5195 1423 5249 dixi
1449 5238 1463 5261 ,
1489 5197 1654 5252 Deum
1681 5239 1696 5263 ,
1727 5213 1845 5252 cum
1873 5201 1981 5253 vult
2006 5217 2137 5271 opus

569 5285 828 5354 quoddam
885 5284 1121 5339 mirabile
1175 5295 1518 5354 perpetrare,
1575 5288 1768 5357 figuras
1819 5301 1872 5343 et
1925 5292 2137 5348 umbras

571 5378 920 5449 praemittere,
978 5387 1032 5431 ut
1087 5379 1164 5431 sic
1205 5378 1498 5447 procedens
1549 5381 1746 5434 veritas
1802 5381 1952 5437 facile
2000 5386 2138 5438 acci-

573 5469 772 5538 piatur?

640 5561 865 5616 Necesse
905 5572 988 5616 est
1029 5559 1168 5614 enim
1209 5561 1487 5631 imaginem
1520 5561 1824 5617 inferiorem
1852 5579 1968 5620 esse
1995 5567 2138 5620 veri-

567 5657 716 5707 tate?
743 5671 860 5707 nam
889 5655 932 5708 si
965 5669 1058 5724 per
1085 5669 1142 5708 se
1173 5652 1340 5723 ipsam
1386 5656 1616 5724 perfecta
1660 5665 1803 5722 esset
1827 5697 1840 5720 ,
1881 5657 1990 5725 jam
2032 5675 2138 5714 non

565 5745 748 5803 umbra
777 5753 956 5812 esset,
986 5743 1078 5799 sed
1106 5744 1320 5800 veritas.
1349 5746 1647 5802 Antecessit
1674 5747 1883 5816 quidem
1914 5751 2097 5805 umbra
2121 5792 2137 5818 ,

1322 359 1379 412 S.
1419 356 1692 412 .IOANNIS
1729 349 2200 410 CIIRVSOSTOMI
2239 350 2558 406 ARCIIIEP.
2601 356 3133 411 CONS'I‘ANTINOI‘.

3761 377 3859 429 7H

2274 467 2581 534 supervenit
2620 468 2858 522 colorum
2899 469 3126 534 veritas,
3173 480 3227 526 et
3270 472 3529 527 sinceram
3572 473 3857 545 imaginem

2275 555 2674 611 demonstravit.
2705 558 2797 611 IIIa
2830 561 2937 629 typi
2968 570 3118 613 erant
3140 602 3155 626 ,
3191 561 3304 617 lucc
3327 604 3342 630 ,
3371 563 3498 633 ipsa:
3537 579 3624 620 res
3655 583 3668 618 :
3714 567 3858 634 quod

2273 645 2523 701 videlicet
2548 650 2687 703 circa
2715 663 2866 702 ovem
2899 650 3091 706 factum
3109 661 3207 706 est.
3241 653 3506 722 Sanguine
3533 654 3733 710 Christi
3760 673 3858 709 or-

2275 735 2357 790 bis
2386 747 2645 792 terrarnm
2669 740 2971 795 liberandus
2995 753 3112 797 erat
3135 745 3665 818 maledictionemque
3691 747 3851 802 decli-

2273 837 2510 882 naturus.
2543 828 2675 884 Cum
2703 832 2858 900 igitur
2889 833 3018 887 illud
3041 849 3250 904 quoque
3279 852 3528 906 magnum
3566 847 3710 892 esset
3753 839 3853 892 mi-

2277 920 2513 973 raculum
2544 931 2598 976 et
2627 923 2935 979 incredibile
2961 925 3133 980 stulta
3162 927 3353 980 anima:
3382 927 3685 982 Judmorum
3712 969 3731 994 ,
3756 929 3856 984 hoc

2270 1021 2532 1079 praeparat
2564 1021 2619 1067 et
2646 1014 2947 1084 praefigurat
2971 1015 3109 1070 Deus
3140 1031 3231 1084 per
3256 1031 3433 1070 ovem.
3478 1016 3692 1072 Etenim
3733 1033 3855 1072 cum

2269 1101 2620 1169 primogenita
2642 1101 3008 1173 Egyptiorum
3031 1104 3306 1159 destruere
3328 1114 3539 1173 pararet
3559 1146 3574 1168 ,
3602 1122 3669 1160 ne
3694 1108 3856 1162 simul

2269 1190 2698 1247 interficerentur
2717 1210 2836 1263 quae
2857 1203 3009 1248 erant
3029 1195 3254 1249 filiorum
3277 1195 3434 1250 Israel
3459 1215 3472 1250 :
3506 1197 3631 1266 quid
3657 1199 3857 1268 igitur?

2271 1292 2328 1337 ut
2374 1283 2501 1350 fiat,
2560 1286 2729 1356 inquit
2774 1286 3024 1354 Moyses,
3070 1302 3138 1341 ne
3185 1288 3546 1343 exterminans
3588 1290 3853 1359 angelus,

2268 1376 2380 1445 ipsa
2407 1377 2756 1446 primogenita
2786 1377 2948 1432 Israel
2973 1378 3129 1431 simul
3150 1379 3567 1433 exterminaret:
3599 1381 3727 1448 quid
3761 1382 3854 1449 igi-

2269 1468 2394 1521 tur?
2425 1468 2565 1522 Dixit
2603 1468 2669 1522 ad
2714 1468 2860 1522 illum
2902 1469 3040 1523 Deus
3086 1486 3099 1522 :
3137 1469 3365 1538 praecipe
3400 1469 3523 1523 filiis
3569 1470 3731 1525 Israel
3762 1513 3776 1535 ,
3803 1481 3855 1525 et

2264 1567 2477 1612 sumant
2502 1574 2662 1614 ovem
2694 1575 2798 1614 non
2842 1560 3158 1614 maculatam
3183 1601 3198 1626 ,
3249 1562 3537 1615 masculam
3565 1602 3579 1626 ,
3625 1563 3854 1616 annicu-

2264 1649 2367 1702 Iam
2395 1689 2409 1713 ,
2434 1649 2583 1717 juxta
2612 1648 2834 1703 familias
2859 1665 3043 1703 eorum
3073 1667 3084 1702 :
3130 1649 3272 1720 quod
3310 1651 3354 1705 si
3395 1665 3658 1721 pauperes
3702 1653 3811 1706 sint
3834 1695 3851 1717 ,

2263 1741 2471 1811 inquit,
2498 1741 2704 1796 vicinus
2730 1742 2958 1796 vicinum
2985 1741 3264 1796 advocabit
3287 1783 3301 1807 ,
3325 1741 3521 1796 familia
3549 1742 3809 1798 familiam
3836 1762 3852 1809 ;

2263 1842 2315 1887 et
2340 1833 2416 1886 sic
2437 1847 2589 1887 ovem
2612 1840 2882 1886 sumentes
2902 1872 2916 1897 ,
2946 1846 3099 1886 ovem
3127 1847 3231 1884 non
3255 1832 3574 1886 maculatam
3595 1874 3614 1890 .
3642 1848 3853 1886 mascu-

2262 1924 2364 1977 Iam
2390 1963 2404 1986 ,
2438 1923 2739 1977 anniculam
2763 1964 2777 1988 ,
2804 1922 3072 1976 immolate
3093 1965 3107 1989 ,
3135 1923 3336 1990 inquit,
3363 1922 3511 1992 juxta
3537 1920 3773 1977 familias
3799 1933 3854 1978 et

2258 2015 2406 2084 juxta
2435 2015 2623 2070 domos
2651 2015 2904 2070 tribuum.
2936 2016 3003 2069 Et
3028 2029 3216 2069 carnes
3249 2015 3460 2085 quidem
3504 2016 3649 2069 illius
3679 2031 3851 2071 come-

2259 2108 2368 2164 dite
2396 2123 2544 2162 assas
2569 2108 2674 2177 igni
2700 2125 2713 2173 ;
2741 2107 2880 2170 nihil
2905 2123 2970 2162 ex
3013 2107 3089 2161 eis
3125 2107 3487 2176 relinquetur;
3531 2108 3849 2177 sanguinem

2258 2213 2386 2256 vero
2413 2201 2576 2270 ipsius
2603 2200 2790 2254 illinite
2817 2201 2867 2254 in
2897 2208 3077 2269 postes
3103 2209 3328 2253 vestros.
3359 2198 3639 2255 Comedite
3667 2211 3845 2254 autem

2258 2291 2440 2356 illam,
2491 2292 2700 2360 inquit,
2745 2305 2903 2346 renes
2949 2292 3308 2345 circumcincti
3337 2333 3351 2356 ,
3408 2291 3629 2345 calceati
3682 2291 3848 2359 pedes

2255 2391 2462 2437 vestros
2491 2383 2695 2452 (Exod.
2728 2383 2814 2436 12.
2841 2385 2890 2436 5.
2920 2399 3028 2453 sqq.
3053 2387 3094 2450 ),
3127 2391 3180 2437 et
3217 2382 3316 2436 hoc
3343 2391 3596 2449 tanquam
3624 2383 3848 2437 viatoris

2255 2473 2500 2538 habitus;
2547 2473 2776 2527 lucerna:
2803 2481 2992 2526 vestrm
3022 2473 3314 2537 ardebunt;
3358 2472 3566 2541 quare?
3610 2472 3848 2541 Vespera

2257 2566 2460 2620 scilicet
2488 2580 2581 2620 eos
2611 2565 2921 2635 occupabat.
2956 2565 3020 2619 Et
3049 2580 3212 2634 quare
3239 2607 3252 2629 ,
3280 2565 3543 2619 comedite
3574 2567 3712 2619 sicut
3738 2567 3845 2619 via-

2256 2659 2440 2712 tores?
2471 2658 2676 2726 quare?
2703 2673 2804 2727 ego
2847 2659 3007 2712 dico:
3056 2673 3248 2727 nempe
3294 2667 3510 2728 propter
3555 2669 3741 2730 typum
3793 2672 3845 2715 et

2252 2760 2470 2820 prepter
2501 2750 2776 2805 veritatem
2810 2765 2823 2802 :
2854 2750 3064 2819 quando
3091 2751 3302 2819 quidem
3334 2752 3528 2817 smpius
3556 2766 3844 2819 percussus

2251 2851 2333 2895 est
2365 2841 2573 2895 Pharao
2598 2851 2649 2895 et
2677 2857 2781 2896 non
2807 2841 3006 2895 dimisit
3034 2842 3187 2903 illos;
3219 2849 3270 2895 et
3299 2841 3428 2894 dixit
3457 2841 3561 2894 illis
3589 2841 3800 2912 Moyses
3828 2860 3841 2894 :

2253 2930 2413 2986 hodie
2438 2932 2730 3000 percutitur
2756 2941 2810 2985 et
2837 2931 3099 3000 dimitt‘et(
3128 2930 3296 2984 Exod.
3335 2931 3418 2984 II.
3449 2932 3471 2984 I
3506 2931 3545 3000 );
3579 2933 3843 2999 percutie-

2251 3022 2404 3076 batur
2427 3063 2442 3088 ,
2477 3037 2581 3076 non
2617 3032 2790 3077 tamen
2839 3023 3149 3086 dimittens;
3189 3036 3385 3075 nonum
3431 3036 3721 3089 percussus
3759 3033 3842 3076 est

2251 3121 2304 3166 et
2333 3125 2438 3166 non
2468 3112 2704 3177 dimisit;
2739 3126 2899 3181 super
2921 3112 3180 3166 decimam
3210 3122 3386 3167 autem
3417 3113 3622 3182 plagam
3653 3113 3840 3167 dimit-

2251 3213 2362 3258 tere
2412 3205 2529 3259 iIIos
2578 3205 2800 3269 statuit;
2859 3204 2982 3258 ideo
3031 3203 3196 3267 dicit,
3253 3203 3528 3258 Viatorum
3578 3207 3843 3259 assumite

2247 3295 2485 3349 habitum
2515 3295 2727 3365 (Exod.
2760 3295 2846 3349 I2.
2881 3295 2941 3348 il
2969 3293 3012 3364 );
3055 3305 3334 3364 postquam
3373 3295 3514 3350 enim
3546 3297 3840 3350 manduca-

2247 3387 2429 3440 veritis
2445 3428 2458 3449 ,
2479 3383 2610 3440 nihil
2625 3398 2911 3439 commune
2931 3383 3199 3439 vobiserit
3213 3399 3334 3440 cum
3354 3382 3610 3454 Egypto;
3645 3387 3842 3440 sumite

2247 3493 2416 3549 ergo,
2466 3478 2675 3548 inquit,
2728 3493 2881 3532 ovem
2929 3491 3036 3531 non
3093 3477 3444 3541 maculatam,
3492 3479 3787 3530 masculam
3819 3517 3839 3544 ,-

2247 3570 2545 3624 anniculam
2572 3611 2587 3634 ,
2621 3579 2674 3623 et
2701 3568 2972 3623 immolate
3001 3568 3142 3620 illam
3168 3582 3183 3633 ;
3215 3577 3268 3620 et
3297 3566 3484 3621 illinite
3520 3569 3838 3636 sanguinem

2249 3661 2412 3730 ipsius
2459 3662 2511 3714 in
2555 3670 2737 3730 postes
2781 3669 3027 3725 vestros,
3073 3666 3130 3712 ut
3168 3658 3388 3712 veniens
3428 3657 3686 3725 angelus,
3733 3657 3840 3710 etsi

2247 3761 2467 3822 propter
2495 3751 2614 3806 illos
2639 3766 2743 3803 non
2773 3759 2954 3818 parcat
2975 3789 2988 3814 ,
3019 3759 3201 3818 parcat
3229 3756 3403 3802 tamen
3430 3747 3582 3801 vobis
3612 3757 3840 3816 propter

2247 3856 2428 3916 typum
2457 3843 2744 3914 sanguinis.
2780 3842 2905 3896 Ilaec
2947 3856 3051 3896 non
3091 3840 3260 3910 angeli
3290 3854 3448 3894 causa
3490 3837 3630 3892 facta
3669 3847 3835 3904 sunt,

2245 3937 2336 3990 sed
2366 3941 2580 4006 prepter
2603 3935 2910 4004 sanguinem
2937 3934 3026 4002 qui
3052 3931 3278 3985 salvavit
3303 3946 3408 3985 me.
3453 3929 3642 3984 Nonne
3686 3930 3837 3983 enim

2247 4035 2454 4096 poterat
2479 4026 2695 4094 angelus
2722 4024 3000 4093 Egyptios
3028 4032 3081 4076 et
3108 4021 3320 4076 Judatos
3345 4063 3360 4088 ,
3402 4037 3508 4091 quo
3547 4021 3836 4076 differrent

2246 4114 2600 4185 dignoscere?
2653 4114 2743 4182 qui
2794 4112 3394 4189 primogenitapotuit,
3442 4125 3618 4165 nonne
3665 4113 3832 4166 etiam

2245 4206 2525 4277 Egyptios
2550 4212 2604 4259 et
2630 4203 2882 4275 Hebraeos
2909 4211 3114 4272 poterat
3133 4201 3435 4256 discernere
3458 4200 3480 4254 ?
3504 4201 3637 4254 Cum
3666 4202 3838 4271 igitur

2247 4309 2298 4352 te
2323 4297 2611 4350 subsannat
2635 4295 2816 4348 dicens
2841 4335 2856 4360 ,
2886 4294 2938 4347 in
2967 4293 3278 4363 sanguinem
3307 4292 3534 4360 speras?
3559 4290 3645 4346 dic
3671 4291 3745 4346 illi
3775 4301 3833 4347 et

2246 4396 2301 4441 tu
2333 4405 2346 4440 :
2378 4402 2482 4441 non
2512 4387 2782 4441 erubescis
2808 4424 2822 4451 ,
2857 4384 3176 4452 impudens?
3223 4391 3276 4436 tu
3317 4384 3368 4436 in
3415 4383 3672 4451 sanguine
3711 4385 3832 4439 ovis

2243 4483 2475 4536 salvatus
2501 4495 2559 4534 es
2585 4521 2599 4545 ,
2630 4488 2684 4534 et
2705 4494 2805 4548 ego
2833 4480 2884 4531 in
2913 4476 3170 4545 sanguine
3195 4477 3404 4529 Domini
3452 4492 3557 4529 non
3596 4476 3782 4531 salvor
3804 4477 3830 4529 2

2241 4575 2454 4631 Judazus
2483 4574 2639 4643 igitur
2663 4572 2950 4626 comedens
2974 4569 3206 4640 IEgypto
3246 4568 3520 4624 discedere
3570 4568 3825 4634 festinat;

2241 4665 2574 4722 Christianus
2602 4664 2890 4719 comedens
2919 4661 3114 4716 mundo
3143 4660 3415 4715 discedere
3458 4658 3690 4714 festinet.
3737 4660 3830 4714 Sic

2243 4759 2382 4814 enim
2414 4767 2466 4813 te
2496 4757 2690 4812 Paulus
2715 4755 3002 4824 alloquitur
3030 4770 3043 4808 :
3072 4753 3220 4809 State
3264 4751 3433 4806 induti
3464 4751 3624 4806 lorica
3662 4752 3828 4820 justi-

2246 4851 2330 4905 tize
2355 4892 2370 4916 ,
2399 4848 2618 4904 calceati
2653 4847 2815 4916 pedes
2855 4846 2906 4898 in
2949 4842 3332 4913 prmparatione
3374 4841 3632 4911 evangelii
3678 4841 3830 4912 pacis

2246 4943 2480 5011 (Ep/tes.
2513 4940 2565 4995 6.
2598 4940 2685 4994 ιιι.
2718 4935 2952 5008 15)(α).

2313 5034 2423 5089 Illic
2468 5035 2864 5095 calceamenta,
2917 5037 2971 5083 et
3008 5027 3095 5083 hic
3141 5042 3351 5097 quoque
3399 5026 3762 5081 calceamenta
3816 5044 3832 5081 :

2243 5127 2350 5181 illic
2380 5127 2561 5196 virga,
2615 5123 2702 5177 hic
2732 5122 2922 5175 thorax
2967 5138 2979 5174 :
3030 5120 3240 5190 Moyses
3287 5119 3440 5188 quasi
3489 5118 3784 5173 viatoribus
3811 5161 3827 5184 ,

2245 5220 2436 5273 Paulus
2481 5216 2630 5287 quasi
2679 5213 2934 5268 militibus
2978 5208 3319 5280 praecipiebat
3357 5225 3370 5260 :
3423 5208 3558 5261 illia
3596 5217 3738 5261 terra
3776 5210 3828 5265 iu

2245 5323 2464 5377 terram,
2495 5319 2548 5364 et
2577 5308 2699 5361 ideo
2726 5308 2958 5359 viatores
2983 5319 2997 5368 ;
3029 5317 3129 5373 ego
3163 5317 3189 5353 a
3219 5311 3360 5354 terra
3385 5300 3439 5354 in
3468 5298 3680 5363 caelum,
3706 5301 3831 5354 ideo

2246 5404 2399 5457 miles
2432 5421 2444 5455 :
2476 5400 2687 5471 quare?
2713 5397 2972 5464 Quoniam
3001 5395 3082 5448 via
3121 5409 3238 5447 mea
3270 5407 3364 5461 per
3392 5407 3568 5446 aerem
3609 5391 3827 5444 latroci-

2246 5497 2346 5551 niis
2371 5495 2646 5551 infestatur
2673 5536 2686 5559 ,
2714 5491 2982 5544 dmmoncs
3029 5487 3159 5540 mihi
3197 5494 3502 5540 occurrunt.
3533 5483 3659 5540 Ideo
3690 5483 3828 5538 fidu-

2307 5621 2377 5686 (a)
2406 5622 2496 5686 Hic
2519 5624 2675 5680 locus,
2704 5637 2730 5670 a
2755 5633 2941 5686 necesse
2973 5629 3058 5686 est,
3083 5621 3152 5686 ad
3175 5620 3423 5686 livmrgelii
3454 5622 3610 5682 pacis.
3640 5636 3666 5670 a
3693 5623 3803 5669 Sion

2243 5681 2327 5734 tef'.
2355 5681 2568 5734 omissus
2593 5691 2750 5748 estet
2773 5698 2835 5731 ex
2868 5683 3045 5748 Codice
3070 5681 3375 5748 Coislinlaiio
3400 5688 3484 5739 M7
3510 5697 3677 5748 desum
3695 5695 3811 5745 ptus

2244 5763 2303 5797 ex
2331 5760 2448 5812 quo,
2479 5748 2553 5795 vel
2587 5745 2740 5806 taciti,
2769 5749 2925 5795 multa
2955 5745 3002 5794 in
3031 5754 3171 5795 textu
3199 5744 3367 5794 Graeco
3392 5744 3719 5796 cerrex‘ttnus.
