4084 6438
174 414 285 470 765

170 529 291 591 ττῖς
316 522 623 595 ἀνθρώποις
646 520 740 577 καί
768 522 827 575 ἐν
855 520 968 582 τοῖς
995 516 1341 589 τετράποσιν.
1363 510 1495 568 Εἶτα
1519 514 1595 578 ὡς
1622 511 1760 584 μετά

172 620 274 682 τάς
308 617 525 689 πληγὰς
544 613 749 675 ταύτας
782 613 882 666 ούκ
908 606 1051 676 εἶξεν
1075 611 1103 663 6
1124 607 1345 679 Φαραὼ,
1366 605 1551 660 λοιπὸν
1580 607 1610 659 6
1633 604 1766 666 Θεὸς

178 702 408 763 θάνατον
439 707 550 761 τῶν
582 704 945 776 πρωτοτόκων
964 700 1160 770 ἐπάγει
1179 714 1192 729 ·
1228 694 1370 761 εἶτα,
1405 698 1494 750 ἵνα
1517 694 1766 765 ἐπιτέμω

173 801 267 853 16v
298 800 454 869 λόγον
489 796 617 869 (χρὴ
656 796 764 867 7&9
800 795 1101 866 ἐπιτεμεῖν,
1136 792 1223 845 ἵνα
1255 789 1331 861 μὴ
1365 786 1591 859 περίτά
1625 784 1767 839 αὐτὰ

174 890 479 960 εἱλούμενοι
518 888 593 959 μὴ
634 884 1013 961 πληρώσωμεν
1041 883 1139 955 τὴν
1174 880 1509 952 ὑπόσχεσιν),
1542 876 1766 948 ἐξῆλθον

172 981 241 1032 ἐκ
285 981 388 1048 γῆς
440 977 741 1047 Αἰγύπτου,
789 979 885 1030 καὶ
928 972 1092 1046 ἦλθον
1124 972 1275 1045 παρά
1317 971 1419 1043 τὴν
1464 970 1763 1025 θάλασσαν.

188 1070 679 1143 Ἐστρατοπέδευσε
714 1066 917 1140 Φαραὼ
941 1066 1117 1121 ὀπίσω
1144 1065 1327 1120 αὐτῶν
1361 1063 1500 1135 μετά
1529 1060 1768 1132 πλήθους

170 1164 438 1235 ἁρμάτων
472 1163 567 1216 καὶ
596 1163 779 1215 ἵππων
798 1178 811 1191 ·
842 1160 919 1223 ὡς
946 1158 1003 1212 δὲ
1031 1153 1172 1212 εἶδεν
1210 1156 1430 1228 Ἰσραὴλ
1458 1155 1555 1227 τὴν
1590 1154 1769 1226 παρά-

169 1256 349 1324 ταξιν,
393 1256 655 1327 ἐφοϐήθη.
687 1236 893 1307 Ἦλθον
936 1252 993 1306 δέ
1024 1251 1118 1304 ἐπί⁵
1159 1249 1254 1304 τοῦ
1278 1248 1508 1321 χείλους
1540 1248 1641 1319 τῆς
1670 1247 1768 1301 θα-

166 1348 417 1422 λάσσης·
468 1348 563 1402 καί
607 1364 773 1419 φησιν
814 1348 843 1399 6
883 1343 1017 1408 Θεὸς
1066 1342 1146 1414 τῷ
1188 1342 1448 1403 Μωῦσεῖ,
1502 1339 1565 1393 Τί
1608 1337 1768 1407 βοᾷς

166 1443 326 1510 πρός
351 1456 463 1511 με;
493 1440 590 1493 καὶ
624 1437 729 1511 μὴν
756 1436 911 1491 οὐδὲν
942 1436 1096 1505 ἐλεγε
1125 1434 1390 1503 Μωῦσῆς.
1418 1431 1582 1486 Ἀλλά
1610 1447 1765 1503 φησι,

166 1535 306 1599 Θεός
340 1537 477 1606 εἰμι,
513 1535 576 1587 06
600 1532 668 1586 1&
694 1533 759 1585 ἐκ
789 1530 1016 1602 χειλέων
1051 1529 1210 1600 μόνον
1243 1525 1480 1591 ἀκούων,
1509 1523 1645 1579 ἀλλά
1674 1523 1770 1577 καὶ

164 1627 240 1682 τά
281 1629 340 1681 ἐν
371 1630 437 1699 τῇ
481 1625 681 1699 καρδίᾳ
727 1622 1034 1695 γνωρίζων,
1082 1621 1170 1674 ἵνα
1209 1619 1424 1691 μάθῃς,
1458 1620 1541 1672 ὅτι
1571 1618 1671 1671 οὐκ
1709 1619 1769 1670 ἐν

163 1719 250 1792 τῷ
279 1719 504 1790 κράζειν
529 1720 565 1790 ή
597 1717 755 1791 εὐχὴ,
778 1715 893 1771 ἀλλ’
918 1717 977 1769 ἐν
1005 1716 1071 1785 τῇ
1094 1711 1312 1785 γνώμῃ.
1344 1712 1405 1767 Τί
1431 1708 1592 1777 ,βοᾷς
1618 1708 1769 1778 πρός

158 1828 281 1884 ys;
315 1811 397 1865 T&
432 1810 534 1882 μὲν
560 1810 670 1882 7&9
695 1809 847 1880 χείλη
880 1808 1045 1863 αὑτοῦ
1070 1809 1173 1862 οὐκ
1200 1805 1403 1869 ἐλάλει,
1426 1806 1459 1874 ή
1482 1803 1540 1857 δέ
1571 1802 1769 1875 καρδία

166 1900 333 1956 ἐϐόα·
370 1900 505 1972 εὐχὴ
544 1902 654 1973 7&9
698 1900 807 1954 ἀπὸ
846 1897 1078 1971 γνώμης
1122 1896 1338 1967 ἀγαθῆς
1369 1896 1635 1967 ζητεῖται,
1666 1891 1770 1947 οὐκ

165 1992 281 2047 ἀπὸ
309 1992 556 2064 κραυγῆς
606 1992 851 2063 ἰσχυρᾶς.
887 1991 949 2044 Τί
981 1988 1142 2056 ,βοᾷς
1174 1990 1325 2056 πρός
1345 2002 1453 2057 pe;
1484 1986 1768 2040 Ἔκτεινον

164 2085 271 2156 τὴν
310 2084 504 2153 ῥάϐδον
534 2082 634 2155 τὴν
686 2085 745 2136 ἐν
775 2085 843 2154 τῇ
890 2081 1035 2154 χειρί
1076 2098 1171 2134 σου
1218 2080 1313 2133 ἐπὶ
1364 2078 1426 2131 16
1460 2077 1640 2149 ὕδωρ,
1671 2077 1767 2131 καὶ

163 2174 344 2228 δίελθε
373 2174 439 2227 σὺ
472 2174 565 2228 καὶ
599 2174 709 2237 πᾶς
737 2171 977 2244 Ἰσραήλ.
1016 2169 1278 2236 Ἐξέτεινε
1311 2167 1368 2220 δέ
1397 2164 1639 2235 Μωῦσῆς
1668 2163 1770 2234 τὴν

168 2270 371 2345 ῥάϐδον
397 2268 496 2340 τὴν
523 2269 582 2322 ἐν
618 2269 685 2337 τῇ
710 2266 862 2338 χειρὶ
897 2261 1089 2327 αὐτοῦ,
1122 2262 1217 2316 καὶ
1246 2258 1485 2325 ἐπάταξε
1506 2257 1567 2311 16
1597 2256 1764 2328 ὕδωρ,

165 2364 268 2418 καὶ
294 2364 329 2433 ή
360 2360 595 2423 ἄτακτος
630 2357 777 2431 ῥύμη
810 2355 921 2410 τῶν
963 2352 1175 2409 ὑδάτων
1205 2348 1509 2422 ἐχερσώθη,
1551 2349 1645 2401 καὶ
1669 2348 1769 2419 τῆς

170 2452 316 2515 ἰδίας
350 2449 568 2522 φύσεως
591 2447 908 2503 ἐπελάθετο.
942 2444 1198 2499 Τοιοῦτον
1234 2442 1346 2513 7&9
1387 2442 1449 2495 16
1480 2443 1767 2510 στοιχεῖον,

166 2547 304 2600 ὅταν
338 2544 507 2616 νεύσῃ
547 2544 576 2596 6
621 2540 789 2605 Θεὸς,
828 2538 925 2593 καὶ
970 2536 1112 2591 αὐτὰ
1149 2536 1250 2606 τῆς
1298 2533 1511 2597 οἰκείας
1555 2532 1773 2603 φύσεως

168 2634 615 2699 ἐπιλανθάνεται,
653 2632 750 2689 καί
782 2632 881 2703 τὴν
919 2629 1205 2701 ἐνέργειαν
1240 2628 1470 2699 χαλινοῖ.
1502 2627 1773 2700 Καθάπερ

167 2730 286 2801 7&9
314 2727 637 2798 θεραπαινὶς
659 2723 960 2795 εὐγνώμων
990 2723 1024 2793 ή
1052 2720 1319 2787 θάλασσα,
1346 2720 1620 2783 Δεσπότου
1645 2720 1770 2773 δοῦ-

167 2822 266 2875 λον
303 2819 511 2885 ἰδοῦσα,
535 2817 786 2872 ἐπείθετο
810 2816 907 2871 καὶ
938 2816 1286 2886 ὑπήκουσεν·
1312 2812 1591 2883 ὑπήκουσε
1620 2813 1677 2866 δὲ
1708 2814 1772 2867 06

169 2914 335 2982 ξύλον
368 2912 430 2967 16
458 2910 621 2984 ξηρὸν
642 2909 964 2980 αἰδουμένη,
1002 2906 1141 2962 ἀλλά
1181 2906 1270 2959 διά
1300 2906 1392 2959 τὸν
1425 2905 1690 2976 μέλλοντα
1714 2905 1773 2957 ἐν

168 3003 253 3073 τῷ
292 3002 436 3073 ξύλῳ
469 2999 854 3072 σταυροῦσθαι.
876 2994 1032 3052 Εἰδεν
1056 2995 1150 3052 οὖν
1190 2998 1290 3068 τὴν
1320 2996 1527 3061 εἰκόνα,
1556 2995 1651 3049 καὶ
1680 2995 1773 3047 εύ-

170 3095 274 3157 06;
299 3091 552 3162 ἐνενόησε
575 3089 674 3161 τὴν
698 3088 981 3159 ἀλήθειαν,
1011 3089 1104 3142 καί⁵
1134 3085 1482 3157 ὑπεχώρησε.
1502 3083 1771 3155 Πάρελθε,

170 3186 312 3257 φησί
339 3225 355 3249 ,
397 3184 461 3239 σὺ
504 3183 601 3237 καὶ
633 3182 743 3244 πᾶς
781 3181 811 3235 6
860 3178 991 3244 λαὸς
1044 3177 1283 3250 Ἰσραήλ.
1315 3173 1452 3231 Ε’ίτα
1492 3175 1775 3247 παρῆλθεν

170 3277 341 3340 αὐτὸς
387 3274 484 3329 καὶ
528 3275 651 3344 πᾶς,
680 3272 938 3344 Ἰσραήλ·
992 3270 1439 3342 ἐπηκολούθησαν
1490 3268 1546 3321 δέ
1588 3269 1683 3322 καί
1723 3269 1773 3321 οἱ

171 3344 465 3437 Αἰγύπτιοι
498 3342 928 3427 καταδιώκοντες
960 3362 1225 3430 ἐκείνους,
1255 3362 1284 3415 6
1327 3379 1388 3415 τε
1429 3360 1632 3432 Φαραὼ
1680 3361 1776 3415 καὶ

171 3461 244 3515 τὰ
295 3459 520 3531 ἅρματα
576 3455 743 3509 αὑτοῦ
783 3456 880 3508 καὶ
929 3454 979 3507 οἰ
1026 3455 1233 3517 ἱππεῖς.
1292 3449 1428 3507 Εἶτα
1478 3452 1590 3505 τῶν
1642 3452 1776 3507 υἰῶν

184 3530 412 3623 Ἰσραὴλ
444 3530 826 3620 παρελθόντων
873 3546 1081 3617 ἐπῆλθε
1119 3546 1179 3599 16
1215 3546 1364 3617 ὕδωρ
1412 3545 1507 3599 καὶ
1534 3544 1775 3616 ἐκάλυψε

174 3648 305 3709 τοὺς
361 3642 716 3712 Αἰγυπτίους.
748 3639 887 3693 Εἰπέ
921 3657 1012 3710 μοι
1040 3633 1155 3706 οὖν,
1190 3632 1236 3691 ὧ
1288 3637 1529 3701 Ἰουδαῖε,
1566 3637 1685 3702 πῶς
1715 3637 1778 3691 τὸ

177 3736 325 3806 ὕδωρ
369 3732 433 3787 16
478 3732 574 3786 ἐπὶ
617 3729 715 3785 τοῦ
771 3729 1148 3800 βαπτίσματος
1177 3728 1272 3782 δύο
1315 3728 1599 3801 ἐνεργείας
1640 3730 1776 3800 ἔχει,

176 3830 275 3884 καὶ
295 3827 390 3881 16v
425 3826 523 3897 μὲν
548 3822 753 3892 πνίγει,
788 3822 880 3877 16v
908 3822 964 3875 δέ
993 3821 1280 3887 ζωοποιεῖ;
1306 3822 1428 3875 εἰπέ
1464 3839 1573 3893 μοι,
1602 3822 1717 3887 πῶς
1742 3825 1776 3895 ἡ

177 3921 430 3976 θάλασσα
460 3918 667 3988 ἐκείνη,
708 3917 805 3989 μία
834 3911 969 3972 οὖσα
1005 3918 1071 3987 τῇ
1099 3915 1283 3985 φύσει,
1319 3915 1448 3979 τοὺς
1481 3916 1580 3986 μὲν
1616 3914 1780 3981 ἐζωο-

179 4013 400 4084 ποίησε,
436 4012 562 4075 τοὺς
598 4011 655 4064 δὲ
690 4009 1005 4077 ἀπέκτεινε,
1035 4009 1162 4073 τοὺς
1197 4010 1298 4080 μὲν
1336 4008 1623 4075 ἀπέπνιξε,
1666 4012 1778 4074 τοῖς

178 4104 237 4158 δὲ
274 4104 397 4168 ὀδδς
418 4103 657 4173 ἐγένετο,
688 4102 870 4157 καίτοι
905 4102 1004 4173 μία
1036 4096 1106 4162 ἦν
1133 4104 1168 4172 ή
1210 4101 1449 4174 ἄτακτος
1490 4101 1638 4174 ῥύμη
1670 4100 1781 4157 τῶν

181 4198 430 4265 ύδάτων;
462 4195 561 4251 καὶ
591 4194 709 4259 πῶς
740 4195 869 4258 τοὺς
908 4190 1009 4265 μὲν
1042 4194 1246 4248 δούλων
1280 4194 1438 4265 δίκην
1467 4195 1690 4266 ᾐδέσθη,
1723 4198 1781 4249 ἐν

178 4287 415 4353 ἆκείνοις
438 4289 497 4343 δέ
539 4287 834 4361 βαρϐάρων
860 4286 1065 4358 τρόπον
1094 4287 1439 4358 ἐμιμήσατο;
1479 4287 1783 4358 Ἐρμήνευ-

184 4382 279 4437 σόν
330 4398 420 4453 μοι
462 4379 642 4445 τοῦτο,
695 4373 742 4433 ὦ
775 4378 995 4433 Ἰουδαῖε
1015 4418 1030 4444 ,
1062 4378 1091 4430 6
1123 4376 1369 4431 ἀπιστῶν
1414 4377 1492 4449 τῷ
1537 4377 1779 4450 σταυρῷ,

184 4474 304 4539 πῶς
325 4474 389 4528 16
419 4473 553 4528 αὐτὸ
582 4472 726 4545 ὕδωρ
753 4471 1000 4535 ἐκείνους
1028 4470 1240 4539 ἔπνιξε,
1270 4471 1367 4526 καὶ
1392 4471 1619 4535 τούτους
1647 4472 1784 4525 ἐσωέ

186 4577 301 4615 σεν.
339 4561 437 4614 Ἐν
465 4556 534 4632 ἦν
568 4560 630 4613 16
672 4559 841 4633 ὕδωρ,
875 4560 972 4632 μία
1005 4561 1039 4632 ή
1072 4560 1320 4616 θάλασσα
1342 4600 1358 4627 ,
1404 4562 1501 4615 καί⁵
1530 4560 1639 4615 τῶν
1683 4563 1784 4633 μέν

184 4653 312 4707 οὗτε
341 4653 481 4709 πόδα
522 4652 733 4727 ἔϐρεξε,
778 4652 890 4708 τῶν
937 4652 996 4706 δέ
1028 4652 1151 4707 οὔτε
1189 4655 1335 4725 ἰχνος
1376 4654 1628 4724 ἀφῆκεν,
1662 4654 1784 4709 ἀλλ’

186 4746 440 4810 ἅπαντας
456 4745 700 4802 λαϐοῦσα
721 4744 962 4817 ἐκάλυψε
984 4745 1063 4818 τῷ
1088 4745 1265 4811 ὕδατι,
1289 4745 1384 4801 καὶ
1404 4746 1584 4801 κοινὸν
1613 4745 1786 4815 τάφον

187 4826 486 4911 εἰργάσατο
514 4840 548 4909 ή
572 4837 817 4893 θάλασσα
849 4841 1015 4911 παντὶ
1043 4839 1122 4911 τῷ
1143 4839 1302 4912 δήμῳ
1317 4838 1428 4893 τῶν
1448 4838 1783 4907 Αἰγυπτίων.

189 4928 329 4984 Εἰπέ
362 4946 453 5001 μοι
478 4925 573 4984 οὖν
602 4928 764 4993 τοῦτο
793 4929 910 4995 πῶς
943 4930 1181 5000 ἐγένετο.
1228 4931 1393 5003 Ὁρᾷς
1435 4929 1553 4994 πῶς
1583 4930 1618 5002 ή
1657 4928 1788 4984 σκιά

188 5020 489 5094 προῆλθεν,
519 5022 608 5076 ἵνα
630 5022 897 5093 πιστευθῇ
923 5024 958 5095 ή
988 5022 1254 5095 ἀλήθεια;
1278 5022 1397 5087 πῶς
1426 5024 1613 5078 ἐκεῖνα
1633 5020 1785 5095 [748]

192 5113 293 5185 μὲν
327 5112 479 5181 σκιὰ,
512 5112 685 5168 ταῦτα
710 5112 767 5166 δέ
822 5112 1085 5184 ἀλήθεια;
1120 5115 1304 5167 ἐκεῖνα
1339 5113 1486 5179 σκιὰ,
1524 5113 1697 5168 ταῦτα
1725 5112 1787 5167 δέ

190 5206 527 5279 πράγματα;
568 5206 755 5278 Ὁρᾷς,
783 5202 860 5269 ὡς
888 5200 1063 5273 εἷπον,
1095 5206 1225 5261 ὃταν
1251 5206 1419 5278 μέλλῃ
1448 5206 1626 5272 ὀΘεός
1657 5208 1789 5261 διοι-

193 5304 311 5354 κεῖν
336 5298 572 5369 πρᾶγμά
595 5316 650 5353 τι
680 5296 851 5364 ξένον,
881 5299 1244 5369 προδιατυποῖ
1265 5298 1483 5371 πρῶτον
1512 5300 1607 5352 καὶ
1632 5316 1789 5353 σκια-

193 5396 421 5465 γραφεῖ,
447 5394 535 5447 ἵνα
571 5391 746 5457 οὕτως
778 5391 1121 5464 προελθοῦσα
1147 5395 1180 5463 ἠ
1217 5393 1449 5465 ἀλήθεια
1491 5391 1787 5463 εὐπρόσδε-

196 5502 326 5548 κτος
365 5482 622 5557 γένηται;
666 5482 907 5555 Ἀνάγκη
960 5481 1069 5551 γὰρ
1119 5482 1219 5554 τὴν
1253 5483 1439 5537 εἰκόνα
1474 5482 1790 5536 ὑποδεεστέ-

199 5594 302 5649 ραν
353 5572 495 5631 εἶναι
538 5574 639 5647 τῆς
682 5575 971 5646 ἀληθείας·
1016 5577 1066 5629 εἰ
1115 5575 1174 5629 δὲ
1222 5574 1516 5648 αὐτοτελὴς
1548 5570 1640 5647 ἦν,
1688 5575 1789 5627 οὐκ

197 5667 279 5722 ἐτι
322 5668 481 5735 σκιὰ,
526 5668 661 5723 ἀλλά
694 5668 947 5741 ἀλήθεια.
1005 5668 1283 5741 Προέλαϐέ
1312 5687 1373 5723 τε
1414 5671 1447 5740 ἡ
1505 5668 1657 5733 σκιὰ,
1695 5671 1791 5722 καὶ

195 5756 361 5831 ἦλθεν
388 5764 422 5833 ή
454 5760 683 5833 ἀλήθεια
708 5761 818 5815 τῶν
861 5760 1170 5833 χρωμάτων
1203 5762 1297 5815 καὶ
1334 5761 1503 5827 ἔδειξε
1537 5760 1787 5833 καθαράν

200 5850 297 5918 τὴν
342 5854 542 5908 εἰκόνα.
586 5855 800 5909 Ἐκεῖνα
848 5852 1041 5921 τύποι,
1084 5852 1256 5907 ταῦτα
1301 5853 1637 5928 πράγματα·
1674 5847 1784 5908 οἷον

1466 396 1555 451 DE
1593 393 1826 450 BEATO
1865 390 2225 446 ΑΒΒΑΙΙΑΜ.

3357 394 3461 449 7M

1870 506 1966 561 καὶ
2012 506 2106 560 ἐπί
2134 506 2228 560 τοῦ
2276 505 2551 577 προϐάτου
2587 506 2833 575 γέγονεν.
2869 503 3111 575 Ἧμελλε
3153 504 3232 576 τῷ
3269 507 3463 579 αἵματι

1867 601 1963 655 τοῦ
1989 602 2227 673 Χριστοῦ
2253 600 2672 672 ἐλευθεροῦσθαι
2702 602 2734 672 ή
2765 598 3062 670 οἰκουμένη
3092 602 3187 654 καὶ
3216 606 3465 677 κατάρας

1870 698 2333 755 ἀπαλλάττεσθαι.
2377 699 2534 751 Ἐπεὶ
2574 693 2670 752 οὖν
2713 696 2875 751 τοῦτο
2909 697 3075 752 πάλιν
3113 698 3261 769 μέγα
3308 697 3379 774 ἦν
3402 704 3464 758 16

1869 798 2056 870 θαῦμα
2106 800 2199 853 καὶ
2242 798 2473 853 ἄπιστον
2516 797 2669 871 παρά
2722 798 2791 869 τῇ
2843 794 3123 867 ἀγνώμονι
3162 798 3307 872 ψυχῇ
3352 803 3463 857 τῶν

1883 896 2174 958 Ἰουδαίων,
2196 896 2499 966 προδιοικεῖ
2528 897 2557 948 6
2584 894 2718 959 Θεὸς
2742 892 2837 947 καὶ
2865 880 3342 964 προδιατυποῖδιά
3367 900 3462 954 τοῦ

1870 993 2180 1065 προϐάτου·
2216 991 2326 1046 τῶν
2358 993 2466 1063 γὰρ
2508 991 2826 1061 Αἰγυπτίων
2856 991 2927 1045 τά
2965 993 3292 1065 πρωτότοκα
3326 997 3465 1067 μέλ-

1868 1089 1977 1144 λων
2012 1088 2322 1152 ἀπολλύειν,
2359 1088 2451 1163 ἲν
2500 1089 2576 1160 μὴ
2621 1087 3056 1159 συναναιρεθῶσι
3106 1090 3203 1144 καὶ
3244 1090 3314 1145 τὰ
3352 1092 3464 1147 τῶν

1869 1184 2002 1238 υἰῶν
2033 1184 2251 1258 Ἰσραήλ
2274 1202 2289 1217 ·
2315 1184 2369 1238 τί
2401 1179 2493 1238 οὖν
2518 1201 2533 1216 υ
2566 1184 2654 1238 ἵνα
2689 1183 2940 1253 γένηται,
2965 1186 3131 1255 φησὶν
3152 1188 3181 1239 6
3199 1186 3464 1258 Μωῦσῆς,

1873 1283 2084 1354 μήποτε
2131 1284 2160 1336 6
2198 1280 2500 1353 ὀλοθρεύων
2544 1279 2778 1349 ἄγγελος
2812 1279 3212 1355 συνολοθρεύσῃ
3256 1284 3326 1337 τά
3355 1264 3466 1339 τῶν

1870 1378 2004 1433 υἰῶν
2044 1378 2263 1449 Ἰσραὴλ
2295 1376 2653 1449 πρωτότοκα·
2696 1373 2912 1443 τίὋῦν;
2944 1376 3092 1446 λέγει
3124 1380 3263 1451 πρὸς
3298 1381 3466 1435 αὐτὸν

1870 1478 1898 1530 6
1922 1477 2085 1541 Θεός·
2118 1475 2492 1548 παράγγειλον
2519 1476 2633 1538 τοῖς
2658 1476 2795 1538 υἱοῖς
2832 1474 3069 1546 Ἰσραὴλ,
3100 1476 3196 1530 καί
3225 1477 3467 1533 λαϐέτω-

1872 1593 1972 1631 σαν
2002 1573 2274 1647 πρόϐατον
2296 1573 2550 1646 ἄμωμον,
2569 1574 2756 1645 ἄρσεν,
2786 1572 3079 1640 ἐνιαύσιον,
3099 1575 3242 1628 κατά
3265 1593 3468 1646 συγγε-

1870 1671 2021 1736 νείας
2056 1670 2266 1726 αὐτῶν·
2292 1670 2398 1725 κᾶν
2426 1670 2502 1742 μὴ
2527 1670 2824 1741 εὐπορῶσι,
2850 1668 3005 1741 φησὶ,
3029 1670 3226 1739 γείτων
3251 1673 3469 1741 γείτονα

1874 1769 2223 1838 συγκαλέσει,
2268 1768 2365 1822 καὶ
2410 1768 2703 1836 συγγένεια
2749 1766 3069 1836 συγγένειαν
3115 1770 3467 1839 συγκαλέσει,

1872 1869 1967 1922 καὶ
1999 1865 2144 1920 οὕτω
2172 1866 2427 1930 λαϐόντες
2472 1865 2536 1919 16
2574 1864 2867 1936 πρόϐατον,
2900 1865 3176 1936 πρόϐατον
3212 1868 3469 1941 ἄμωμον,

1871 1963 2063 2033 ἄρσεν,
2089 1963 2381 2027 ἐνιαύσιον,
2410 1960 2633 2027 θύσατε,
2664 1962 2822 2031 φησί,
2853 1962 2996 2016 κατά
3020 1965 3343 2034 συγγενείας
3373 1968 3469 2020 καὶ

1872 2060 1993 2115 κατ’
2020 2061 2205 2123 οἴκους
2231 2059 2495 2131 πατριῶν.
2520 2060 2631 2111 Καὶ
2649 2057 2717 2111 τά
2744 2058 2843 2128 μὲν
2870 2058 3010 2129 κρέα
3030 2060 3196 2114 αὐτοῦ
3226 2063 3471 2130 φάγεσθε

1872 2155 2017 2211 ὀπτὰ
2042 2156 2174 2228 πυρί
2190 2173 2204 2186 ·
2236 2155 2402 2227 μηδὲν
2426 2155 2486 2219 ἐξ
2511 2153 2691 2208 αὐτῶν
2722 2156 3109 2226 καταλείψεται
3127 2175 3139 2187 ·
3163 2158 3225 2211 16
3253 2158 3310 2212 δὲ
3331 2154 3473 2231 αἷμα

1872 2254 2037 2308 αὐτοῦ
2057 2254 2285 2325 χρίσατε
2313 2255 2397 2318 εἰς
2421 2253 2521 2317 τὰς
2559 2254 2721 2323 φλιάς
2750 2253 2927 2325 ὑμῶν.
2965 2256 3213 2325 Φάγεσθε
3247 2257 3303 2312 δὲ
3339 2260 3473 2314 αύτό

1875 2352 2031 2423 φησί,
2082 2349 2520 2421 περιεζωσμένοι
2565 2351 2666 2422 τὴν
2699 2351 2897 2420 ὀσφύν·
2942 2352 3014 2406 τὰ
3047 2354 3375 2426 ὑποδήματα
3415 2358 3472 2410 ἐν

1872 2451 1985 2512 τοῖς
2026 2448 2185 2501 ποσὶν
2236 2446 2425 2518 ὑμῶν·
2454 2448 2550 2501 καί⁵
2600 2447 2759 2501 τοῦτο
2795 2449 2871 2512 ὠς
2922 2449 3207 2522 ὁδοιπόρου
3247 2454 3469 2523 σχῆμα·

1873 2546 1922 2599 οἱ
1954 2544 2140 2615 λύχνοι
2181 2543 2337 2615 ὑμῶν
2376 2542 2696 2614 καιόμενοι·
2730 2544 2820 2598 διὰ
2856 2546 2943 2611 τί;
2997 2544 3238 2618 Ἐσπέρα
3272 2543 3473 2620 γὰριῆν

1873 2639 2390 2711 καταλαμϐάνουσα.
2426 2640 2538 2693 Καὶ
2570 2639 2659 2695 διά
2697 2640 2751 2693 τί
2800 2640 2975 2706 οὕτως
3010 2642 3192 2696 έδεσθε
3232 2645 3308 2708 ὡς
3338 2644 3475 2698 ὁδοι-

1874 2739 2069 2810 πόροι;
2103 2737 2204 2791 Διά
2230 2738 2318 2803 τί;
2355 2736 2467 2805 ἐγὼ
2491 2736 2656 2805 λέγω.
2676 2738 2789 2791 Καὶ
2817 2738 2905 2794 διά
2930 2740 3021 2794 τὸν
3044 2742 3233 2807 τύπον,
3264 2744 3358 2797 καὶ
3382 2744 3475 2804 διὰ

1873 2837 1975 2907 τὴν
2023 2834 2313 2905 ἀλήθειαν·
2372 2832 2561 2905 ἐπειδὴ
2617 2833 2879 2898 πολλάκις
2929 2837 3143 2908 ἐπλήγη
3178 2841 3207 2891 6
3249 2840 3473 2912 Φαραὼ,

1876 2931 1971 2984 καὶ
1993 2931 2092 2983 οὐκ
2114 2929 2384 2983 ἀπέλυσεν
2406 2930 2606 2993 αὐτούς
2625 2946 2639 2963 ·
2664 2932 2758 2983 καί
2783 2930 2967 3000 ἔλεγεν
2993 2934 3178 2996 αὐτοῖς
3199 2936 3441 3007 Μωῦσῆς
3458 2954 3472 2967 ·

1876 3027 2176 3096 πλήττεται
2206 3029 2449 3099 σήμερον
2480 3027 2577 3081 καὶ
2608 3027 2868 3081 ἀπολύει·
2908 3031 3211 3100 ἐπλήσσετο
3245 3035 3339 3086 καὶ
3375 3034 3475 3087 οὐκ

1877 3122 2116 3177 ἀπέλυεν
2136 3140 2148 3152 ·
2178 3121 2399 3176 ἔννατον
2429 3122 2640 3194 ἐπλήγη
2672 3124 2765 3177 καὶ
2794 3124 2895 3177 ούκ
2928 3125 3201 3180 ἀπέλυσεν
3239 3129 3437 3192 αὐτούς
3457 3147 3472 3162 ·

1876 3223 1943 3291 τῇ
1979 3220 2181 3291 δεκάτῃ
2211 3220 2268 3273 δέ
2308 3219 2543 3291 ἤμελλεν
2593 3222 2793 3286 αὐτοὺς
2830 3223 3087 3278 ἀπολύειν
3109 3241 3123 3255 ·
3156 3227 3475 3299 ὁδοιπόρων,

1877 3317 2061 3387 λέγει,
2093 3318 2290 3372 λάϐετε
2343 3318 2569 3389 σχῆμα·
2606 3318 2747 3389 μετά
2780 3320 2890 3389 γὰρ
2942 3322 3003 3374 16
3050 3329 3244 3391 φαγεῖν
3294 3326 3475 3395 ὑμᾶς,

1878 3402 2031 3456 οὐδὲν
2076 3401 2253 3455 κοινὸν
2284 3402 2413 3472 ὑμῖν
2459 3402 2597 3474 πρὸς
2643 3403 2742 3475 τὴν
2790 3405 3093 3473 Αἴγυπτον·
3138 3408 3329 3461 λάϐετε
3360 3407 3480 3475 οὖν,

1880 3502 2037 3571 φησί,
2080 3498 2353 3569 πρόϐατον
2393 3499 2646 3570 ἄμωμον,
2694 3499 2883 3571 ἄρσεν,
2926 3502 3219 3569 ἐνιαύσιον,
3258 3507 3352 3559 καὶ
3385 3507 3481 3560 θύ-

1882 3612 2009 3649 σατε
2067 3594 2228 3648 αὑτό·
2286 3594 2383 3647 καὶ
2431 3594 2659 3665 χρίσατε
2711 3596 2772 3649 16
2812 3589 2951 3667 αἷμα
3002 3598 3168 3651 αὑτοῦ
3225 3601 3318 3653 ἐπὶ
3380 3602 3482 3666 τάς

1880 3691 2042 3761 φλιάς
2079 3690 2256 3761 ὑμῶν,
2304 3691 2392 3743 ἵνα
2425 3689 2598 3745 ἐλθὼν
2625 3692 2654 3743 6
2694 3690 2946 3760 ἄγγελος,
2987 3694 3092 3747 κᾶν
3117 3695 3183 3749 δι’
3235 3684 3480 3761 ἐκείνους

1883 3788 1959 3858 μὴ
1986 3787 2265 3858 φείσηται,
2297 3786 2389 3840 διὰ
2434 3787 2525 3840 τὸν
2560 3787 2732 3842 τύπον
2773 3787 2869 3840 106
2923 3789 3159 3859 αἵματος
3202 3792 3479 3864 φείσηται,

1880 3883 2068 3939 Ταῦτα
2098 3886 2158 3938 06
2198 3882 2287 3938 διά
2308 3884 2402 3938 τὸν
2424 3883 2657 3953 ἄγγελον
2680 3884 2917 3953 ἐγένετο,
2952 3886 3089 3940 ἀλλά
3124 3888 3215 3942 διά
3249 3891 3309 3943 16
3340 3886 3483 3961 αἷμα

1881 3981 1943 4035 16
1964 3980 2065 4052 ἐμὲ
2095 3980 2275 4037 σῶσαν
2300 3997 2315 4011 ⁸
2342 3980 2406 4034 ού
2445 3980 2555 4052 γὰρ
2589 3980 2823 4050 ἠδύνατο
2850 3982 2879 4033 6
2913 3982 3145 4051 ἄγγελος
3168 3984 3230 4038 16
3272 3987 3484 4057 παράλ-

1881 4078 2043 4151 ληλον
2075 4078 2184 4133 τῶν
2206 4079 2524 4147 Αἰγυπτίων
2565 4080 2662 4133 καὶ
2697 4079 2969 4133 Ἰουδαίων
2996 4081 3325 4149 διαγνῶναι;
3358 4086 3388 4138 6
3412 4085 3483 4139 1&

1885 4175 2207 4247 πρωτότοκα
2250 4173 2444 4240 εἰδὼς,
2484 4174 2820 4244 Αἰγυπτίους
2876 4178 2973 4230 καὶ
3014 4177 3298 4251 Ἐϐραίους
3359 4181 3481 4234 δια-

1883 4270 2088 4339 γνῶναι
2119 4272 2221 4325 οὐκ
2267 4271 2521 4340 ῐσχυσεν;
2548 4271 2718 4326 Ὅταν
2749 4266 2841 4327 οὖν
2888 4273 3123 4345 ὀνειδίσῃ
3178 4291 3237 4327 σε
3281 4274 3480 4344 λέγων,

1885 4368 1968 4431 εἰς
1996 4361 2138 4439 αἷμα
2172 4366 2444 4437 ἐλπίζειςς
2476 4368 2599 4422 εἰπέ
2632 4368 2805 4440 αὐτῷ,
2842 4370 2939 4424 καὶ
2976 4371 3041 4423 σύ
3065 4388 3079 4401 ·
3100 4371 3201 4424 οὐκ
3228 4373 3482 4445 αἰσχύνῃ,

1885 4464 2242 4535 ἀναίσχυντε;
2268 4463 2333 4517 σὺ
2367 4466 2449 4527 εἰς
2477 4460 2616 4534 αἷμα
2646 4464 2922 4534 προϐάτου
2953 4466 3188 4537 ἐσώθης,
3221 4465 3379 4537 κάγὼ
3403 4471 3488 4533 εἰς

1885 4555 2029 4632 αἷμα
2062 4559 2335 4614 Δεσπότου
2384 4559 2447 4613 06
2494 4556 2780 4630 σώζομαι;
2840 4561 3090 4626 Ἰουδαῖος
3129 4559 3224 4618 οὖν
3263 4565 3483 4632 ἐσθίων,

1886 4657 2168 4726 ἐπείγεται
2190 4654 2576 4725 ἀπαλλαγῆναι
2589 4657 2869 4726 Αἰγύπτου
2888 4674 2903 4687 ·
2923 4653 3249 4730 Χριστιανὸς
3265 4662 3482 4727 ἐσθίων,

1888 4754 2194 4825 ἐπειγέσθω
2222 4754 2605 4827 ἀπαλλαγῆναι
2643 4758 2737 4811 τοῦ
2781 4758 3012 4829 κόσμου.
3046 4762 3157 4813 Καὶ
3188 4761 3299 4833 γάρ
3338 4780 3422 4816 σοι
3456 4765 3486 4817 ὀ

1888 4856 2100 4919 Παῦλος
2142 4854 2285 4908 οὕτω
2318 4856 2675 4927 χρηματίζει·
2725 4858 3098 4914 Ἐνδύσασθε
3132 4860 3367 4929 θώρακα
3399 4863 3486 4915 δι-

1889 4954 2226 5021 καιοσύνης
2245 4968 2258 4983 ·
2279 4951 2679 5020 ὑποδήσασθε
2702 4954 2846 5021 τοὺς
2867 4954 3058 5021 πόδας
3085 4956 3156 5009 ἐν
3174 4957 3487 5027 ἑτοιμασίᾳ

1888 5057 1996 5112 τοῦ
2032 5057 2388 5126 εὐαγγελίου
2416 5055 2527 5124 τῆς
2549 5055 2815 5125 εἰρήνης.

1973 5168 2123 5221 Ἐκεῖ
2172 5167 2515 5239 ὑποδήματα,
2551 5166 2645 5220 καὶ
2680 5163 2916 5220 ἐνταῦθα
2959 5166 3321 5238 ὑποδήματα·
3370 5170 3490 5222 ἐκεῖ

1892 5264 2199 5337 βακτηρία,
2268 5263 2502 5317 ἐνταῦθα
2566 5261 2778 5333 θώραξ·
2838 5265 2867 5317 6
2917 5264 3158 5335 Μωῦσῆς
3222 5266 3298 5328 ὡς
3355 5265 3488 5318 ὁδοι-

1890 5365 2113 5437 πόροις,
2166 5363 2195 5414 6
2249 5361 2459 5424 Παῦλος
2529 5360 2605 5423 ώς
2657 5359 3051 5433 στρατιώταις·
3119 5365 3317 5417 ἐκεῖνοι
3380 5364 3489 5416 ἀπὸ

1890 5460 1995 5532 γῆς
2049 5460 2129 5522 εἰς
2167 5458 2294 5528 γῆν,
2341 5458 2430 5512 διά
2476 5456 2637 5512 τοῦτο
2684 5458 2986 5530 ὁδοιπόροι·
3050 5458 3164 5528 ἐγὼ
3218 5459 3325 5513 ἀπὸ
3388 5459 3487 5529 γῆς

1892 5557 1972 5621 εἰς
2020 5554 2270 5626 οὐρανὸν.
2319 5555 2408 5609 διά
2462 5556 2621 5609 τοῦτο
2666 5555 3038 5628 στρατιώτης·
3101 5557 3190 5611 διὰ
3228 5557 3314 5623 τί;
3364 5556 3488 5609 Ὅτι

1890 5654 1925 5722 ὴ
1979 5651 2094 5715 ὀδός
2144 5668 2245 5720 μου
2310 5650 2630 5724 λῃστεύεται
2676 5653 2821 5708 κατά
2872 5653 2963 5708 τὸν
3008 5654 3167 5725 ἀέρα,
3235 5650 3489 5723 δαίμονός

1896 5767 1987 5821 μοι
2040 5748 2345 5804 ἀπαντῶσι.
2389 5750 2492 5803 Διά
2532 5750 2689 5805 τοῦτο
2740 5752 2850 5823 ἔχω
2897 5752 2999 5823 τὴν
3034 5751 3348 5823 παρρησίαν
3396 5767 3483 5818 γε-

1898 5846 2280 5919 γυμνωμένην,
2343 5847 2431 5902 6:5.
2497 5846 2654 5903 τοῦτο
2710 5849 2796 5903 τὸν
2854 5846 3080 5920 θώρακα
3130 5848 3229 5920 τῆς
3284 5847 3492 5903 δικαιο-
