4084 6428
625 389 727 445 ἨἸ

626 504 759 559 εςιιιο
786 502 1032 558 dextram
1058 497 1269 553 dedisse
1288 538 1303 564 ,
1333 495 1509 550 multis
1535 507 1652 548 eam
1693 490 2035 558 verbosisque
2072 500 2219 540 eom-

627 589 1003 645 utonitiouibus
1030 586 1099 642 ad
1118 585 1421 655 conjugium
1450 582 1739 637 incitabant
1769 598 1784 635 :
1832 588 1886 632 at
1920 577 2065 631 enim
2103 576 2217 644 jam

626 695 785 735 aures
814 679 1003 749 puella:
1048 678 1198 734 Pauli
1248 677 1484 731 carmine
1530 673 1888 744 personabant
1916 687 1930 723 :
1964 670 2093 734 Quae
2116 684 2218 721 non

626 780 696 824 est
724 779 903 837 nupta,
930 769 1116 840 cogitat
1139 781 1250 836 qua:
1277 764 1482 818 Domini
1506 773 1641 828 sunt,
1666 772 1720 816 ut
1745 762 1810 816 sit
1839 769 2013 815 sancta
2035 770 2083 813 et
2113 775 2218 812 cor-

625 876 746 931 pore
764 870 810 915 el
838 860 1017 929 spiritu
1046 859 1067 929 (
1094 859 1141 912 1.
1170 854 1288 911 Cor.
1320 856 1374 911 7.
1404 855 1530 926 54).
1576 852 1906 923 Virginitatis
1948 850 2216 920 extemplo

623 963 820 1003 corona
850 950 1060 1003 dabitur
1086 965 1104 1001 :
1135 947 1237 1002 hoc
1278 949 1421 1001 illam
1451 948 1677 1016 primum
1715 942 2090 1000 sollicitudinis
2125 957 2217 1012 ge-

624 1056 724 1093 tms
782 1039 942 1092 afficit
981 1054 994 1091 :
1033 1038 1259 1091 sollicita
1308 1037 1448 1089 cnittt
1498 1043 1583 1088 est
1622 1031 2006 1088 benedictionis
2058 1032 2213 1101 plena

622 1129 993 1194 sollicitudine,
1018 1129 1250 1195 sollicita
1295 1136 1376 1180 est
1421 1141 1549 1179 cura
1589 1124 1823 1179 liberiori
1849 1124 2033 1192 quavis
2060 1125 2211 1179 incu-

621 1221 720 1284 ria,
748 1228 804 1271 ut
834 1220 901 1272 sit
944 1227 1124 1271 sancta
1164 1226 1218 1272 et
1246 1231 1470 1285 corpore
1516 1225 1571 1270 et
1599 1214 1808 1283 spiritu.
1854 1213 1993 1268 Nihil
2018 1223 2101 1268 est
2136 1210 2211 1267 illi

618 1326 897 1363 commune
926 1324 1044 1363 eum
1078 1318 1237 1372 terra,
1271 1308 1412 1361 nulla
1442 1322 1561 1360 eum
1589 1304 1995 1359 connubialibus
2022 1318 2210 1359 neces-

616 1400 859 1453 sitatibus
879 1409 962 1454 est
998 1399 1263 1468 cognatio,
1292 1397 1446 1467 quale
1474 1407 1555 1450 est
1582 1394 1930 1449 fornicantem
1957 1408 2207 1464 sponsum

617 1491 864 1552 tolerare,
892 1490 1218 1560 suSpieiones
1242 1488 1401 1542 falsas
1425 1487 1711 1552 sustinere,
1730 1485 2048 1555 procedendi
2066 1498 2209 1555 smpe

616 1580 818 1633 utiliter
866 1579 919 1632 in
963 1578 1231 1647 publicum
1282 1585 1542 1647 poteSIate
1586 1576 1801 1646 privari,
1830 1575 1897 1631 de
1940 1574 2207 1629 alimentis

616 1672 881 1739 inquirere
904 1711 918 1735 ,
950 1680 1191 1724 ornatam
1218 1670 1496 1740 zelotypia:
1522 1669 1808 1723 obnoxiam
1838 1682 1957 1723 esse
1982 1709 1997 1734 ,
2024 1667 2206 1736 despi-

611 1759 749 1813 catui
780 1758 933 1824 duci,
981 1760 1282 1827 priusquam
1338 1758 1579 1827 peperit,
1610 1760 1760 1826 quasi
1806 1771 1926 1826 quae
1971 1756 2205 1811 nondum

613 1865 749 1904 uxor
779 1849 910 1905 facta
938 1852 1044 1915 sit;
1078 1851 1165 1903 ubi
1214 1850 1518 1919 pepererit,
1548 1849 1617 1903 ob
1652 1850 1870 1919 pignora
1901 1848 2201 1915 incrimine

610 1936 905 1995 incurrere.
932 1940 1089 1994 Partu
1116 1939 1257 1995 edita
1287 1949 1367 1993 est
1402 1940 1661 2008 quaepiam
1688 1938 1917 1993 femina?
1945 1938 2084 2007 quod
2112 1955 2205 1993 na-

612 2042 697 2084 tus
726 2046 830 2083 non
860 2031 925 2084 sit
956 2030 1243 2096 masculus,
1286 2028 1527 2084 tetricum
1560 2030 1779 2083 maritus
1804 2029 2004 2083 vultum
2048 2030 2201 2098 gerit.

612 2123 865 2189 Adjcctns
911 2132 991 2175 est
1028 2130 1082 2175 et
1113 2121 1415 2174 masculus?
1460 2120 1632 2175 editus
1677 2128 1760 2174 cst
1799 2118 1968 2186 fetus,
1999 2120 2091 2173 sed
2114 2120 2202 2189 qui

608 2214 873 2266 formosus
902 2228 1008 2265 non
1043 2220 1141 2265 est.
1171 2212 1410 2280 Eleganti
1455 2218 1537 2265 est
1575 2210 1743 2266 forma
1776 2212 2034 2279 uterque?
2063 2220 2201 2263 tam-

610 2301 857 2370 quamde
881 2300 1113 2369 pulchris
1141 2300 1383 2354 acerbior
1415 2315 1540 2354 cura
1564 2300 1798 2354 incchit.
1834 2299 2047 2368 Depulsi
2079 2307 2201 2352 sunt

612 2408 641 2444 a
675 2393 808 2447 laete
835 2393 857 2445 ?
886 2406 1067 2445 rursus
1117 2392 1356 2445 anxietas
1398 2390 1723 2444 educationis
1766 2388 2039 2443 succedit:
2077 2405 2196 2443 cum

604 2485 719 2537 sani
752 2484 986 2547 fuerint,
1032 2493 1204 2536 metus
1246 2499 1312 2537 ne
1366 2489 1665 2551 mgrotent:
1722 2497 1841 2535 cum
1904 2492 2198 2549 :egrotave-

615 2575 739 2640 rint,
772 2574 997 2628 formido
1024 2588 1091 2628 ne
1118 2573 1443 2627 moriantur:
1473 2588 1593 2627 cum
1624 2572 1821 2625 mortui
1850 2572 2065 2636 fuerint,
2084 2588 2196 2626 nte-

616 2676 699 2718 tus
724 2680 791 2719 ne
810 2664 1061 2733 deinceps
1090 2673 1355 2733 tamquam
1387 2665 1536 2733 prole
1566 2680 1753 2717 carens
1781 2673 2155 2718 contemnatur
2179 2682 2193 2719 :

616 2774 736 2809 eum
768 2758 961 2811 mortui
993 2770 1097 2810 non
1129 2755 1358 2820 fuerint,
1388 2765 1446 2809 ut
1483 2756 1551 2810 de
1593 2756 1889 2809 viventibus
1916 2796 1929 2819 ,
1982 2757 2196 2825 gravior

607 2850 907 2903 sollicitudo
928 2848 1349 2912 incumbit,unde
1365 2848 1545 2901 liberis
1564 2847 1629 2900 ad
1649 2848 2027 2901 institutionem
2044 2862 2191 2907 sum-

611 2951 752 3008 plus,
780 2941 917 2994 unde
946 2940 1236 3009 conjugalis
1280 2938 1494 2994 fasderis
1524 2948 1828 3008 apparatus,
1859 2939 1996 2993 unde
2027 2944 2190 2993 vesti-

614 3042 911 3085 mentorum
962 3030 1145 3095 dccor,
1178 3029 1318 3083 unde
1345 3029 1662 3083 famulorum
1693 3030 1975 3098 unicuique
2005 3030 2188 3083 distri-

612 3124 783 3188 butio,
806 3137 1045 3192 quamam
1072 3136 1139 3175 ex
1172 3120 1323 3174 bonis
1350 3121 1535 3191 majori
1583 3121 1854 3181 attribuct,
1898 3136 2004 3190 quo
2036 3133 2187 3190 pacto

614 3214 835 3267 minoris
866 3213 1114 3269 invidiam
1152 3212 1433 3283 mitigabit.
1467 3213 1594 3277 Quae
1639 3229 1739 3265 non
1777 3222 1847 3266 est
1879 3223 2067 3281 nupta,
2098 3230 2185 3267 co-

607 3308 730 3373 gitat
758 3319 870 3372 qua:
890 3302 1093 3356 Domini
1122 3310 1238 3356 sunt
1258 3343 1270 3367 ,
1297 3312 1352 3355 ut
1386 3304 1449 3355 sit
1486 3312 1665 3357 saneta
1691 3312 1738 3356 et
1759 3319 1969 3372 corpore
1996 3313 2042 3355 et
2076 3304 2185 3372 spi-

603 3404 727 3448 rtltl.
758 3392 872 3445 Non
900 3393 1217 3446 matrimonii
1244 3401 1483 3446 naturam
1518 3392 1733 3445 traduce
1756 3410 1768 3444 :
1793 3401 1873 3445 est
1895 3392 2185 3447 cuimillud

601 3485 813 3552 generis
856 3484 1183 3553 providentia
1231 3485 1565 3550 communis;
1618 3485 1712 3539 sed
1778 3487 2181 3562 conjugatornm

598 3589 754 3627 curas
780 3574 1013 3642 divulge,
1040 3574 1343 3628 carnalibus
1369 3574 1512 3629 curis
1540 3574 1782 3628 catlestes
1825 3590 1982 3629 curas
2023 3583 2179 3629 ante-

602 3681 764 3736 pono,
801 3664 1019 3734 pulchro
1044 3665 1117 3731 id,
1144 3665 1282 3733 quod
1310 3665 1583 3734 pulchrius
1611 3673 1711 3731 est,
1743 3663 1988 3735 prchero.
2018 3666 2177 3735 Virgo

598 3759 757 3812 etiam
790 3772 964 3826 paena,
993 3772 1095 3826 qua
1126 3756 1230 3810 Eva
1276 3756 1526 3811 mulctata
1561 3765 1664 3819 est,
1693 3757 1937 3826 superior
1962 3758 2132 3811 evasit
2164 3775 2177 3810 :

596 3851 723 3905 illud
763 3852 926 3913 enim,
958 3850 1037 3903 Ad
1078 3850 1235 3901 virum
1266 3858 1404 3901 tuum
1436 3849 1690 3902 conversio
1735 3858 1823 3902 tua
1844 3892 1858 3915 ,
1891 3859 1938 3903 et
1974 3850 2081 3919 ipse
2108 3850 2181 3903 tui

599 3944 937 3997 dominabitur
968 3944 983 4011 (
1021 3939 1147 3994 Gen.
1173 3942 1225 3995 ὅ.
1257 3940 1323 3994 16
1370 3942 1409 4011 ),
1440 3941 1491 3993 in
1522 3956 1611 3994 eas
1634 3982 1647 4005 ,
1680 3957 1798 4010 quae
1823 3942 2056 3995 virorum
2086 3943 2181 3995 do-

600 4036 799 4088 minatu
825 4048 926 4086 non
957 4042 1289 4101 premuntur,
1328 4030 1613 4086 invalidum
1642 4040 1758 4085 est:
1785 4031 1911 4086 illud
1933 4074 1948 4097 ,
1992 4032 2057 4086 In
2088 4034 2181 4087 do-

598 4123 787 4177 toribus
807 4123 976 4192 paries
1014 4121 1189 4191 ﬁlios(
1223 4120 1356 4174 Ibid.
1382 4119 1401 4192 )
1424 4162 1439 4187 ,
1472 4122 1523 4175 in
1563 4136 1654 4175 eas
1680 4136 1798 4191 qua:
1827 4121 2177 4192 virginitatem

594 4212 804 4282 colunt,
826 4212 1051 4264 otiosum
1082 4219 1165 4264 cst
1192 4228 1206 4265 :
1240 4225 1358 4264 nam
1382 4226 1500 4278 qua:
1532 4210 1755 4265 minime
1785 4211 1922 4280 parit
1949 4254 1964 4277 ,
1992 4228 2019 4264 a
2051 4229 2177 4282 gra-

602 4301 747 4353 vium
791 4309 976 4368 partus
1006 4299 1254 4353 dolorum
1303 4300 1564 4354 sententia
1617 4309 1699 4354 est
1738 4300 2007 4355 immunis.
2058 4302 2175 4357 Jam

597 4392 746 4461 virgo
772 4390 962 4445 futura:
989 4392 1107 4446 vitae
1137 4393 1443 4461 pignoribus
1459 4394 1742 4449 oblectaris
1765 4412 1780 4452 :
1807 4395 1917 4466 jam
1948 4395 2175 4451 familia-

592 4482 666 4538 vis
694 4488 775 4537 est
800 4482 890 4537 tibi
905 4483 1256 4539 sanctificatio
1282 4486 1711 4543 resurrectionis.
1728 4486 1793 4543 In
1818 4491 2176 4561 resurrectione

1393 381 1448 438 S.
1491 377 1777 436 JOANNIS
1809 368 2288 431 CllltYSOSTOMl
2327 369 2654 428 ARCHIEP.
2694 371 3229 429 CONSTANTINOP.

3806 368 3916 427 πει

2324 484 2477 550 enim,
2517 486 2684 557 inquit
2706 528 2722 553 ,
2748 502 2909 557 neque
2933 485 3155 553 nubent,
3193 500 3351 555 neque
3391 484 3687 553 nubenturf
3716 484 3929 541 Matth.

2322 574 2413 630 22.
2444 576 2513 632 50
2539 578 2580 647 ).
2630 577 2915 647 Prnpterea
2947 574 3171 645 hujusce
3198 575 3273 632 rei
3301 575 3458 647 plane
3498 576 3687 647 ingens
3714 586 3800 631 est
3826 576 3912 630 la-

2323 682 2471 738 psus,
2497 667 2923 739 quandoquidem
2942 676 2997 723 et
3022 676 3168 724 recte
3198 666 3397 723 factum
3422 677 3503 723 est
3529 668 3751 739 ingens:
3785 666 3913 722 ideo

2322 757 2677 828 virginitatem
2702 758 2927 814 colentis
2956 759 3237 815 scelestior
3262 765 3346 815 est
3366 800 3385 827 ,
3423 771 3586 830 quam
3610 759 3922 815 meretricis

2321 847 2534 903 lascivia
2573 867 2588 905 :
2621 865 2728 905 non
2771 851 2915 906 enim
2942 866 3039 921 par
3065 860 3149 907 est
3175 851 3313 906 ratio
3357 853 3717 922 corruptionis
3743 852 3912 921 vit-gi-

2321 940 2542 994 nitatem
2588 940 2852 1009 colentis,
2900 951 3065 1012 atque
3111 942 3454 998 meretricis:
3495 957 3601 997 non
3645 957 3749 1013 par
3776 942 3913 997 ratio

2318 1030 2675 1098 corruptionis
2712 1033 2938 1101 privata
2976 1033 3225 1098 feminae,
3271 1048 3335 1088 ae
3376 1032 3617 1102 regine:
3663 1048 3775 1087 non
3815 1049 3913 1103 par

2317 1130 2401 1174 cst
2428 1121 2563 1175 ratio
2591 1121 2715 1176 furti
2747 1125 2887 1179 vasis
2912 1125 3081 1179 sacris
3106 1124 3292 1179 usibus
3319 1123 3591 1190 destinati,
3625 1138 3692 1178 ac
3719 1124 3909 1193 vulga-

2316 1209 2411 1264 ris.
2433 1209 2541 1265 Vas
2582 1212 2728 1267 enim
2772 1222 2855 1269 est
2884 1214 3054 1269 sacris
3096 1214 3284 1269 usibus
3333 1214 3657 1269 destinatum
3712 1215 3907 1283 virgo,

2316 1312 2580 1367 purpurea
2616 1302 2803 1365 vestis,
2834 1316 2994 1371 quam
3041 1303 3193 1357 alteri
3220 1318 3327 1357 non
3370 1302 3526 1369 licet,
3570 1317 3735 1373 quam
3778 1302 3910 1373 Regi

2316 1388 2706 1457 universorum,
2729 1389 3003 1460 adoptari;
3033 1384 3387 1461 sponsa,qu:e
3404 1392 3676 1462 virgineas
3696 1394 3909 1462 nuptias

2315 1491 2527 1549 semper
2550 1480 2765 1536 retinet.
2791 1481 2839 1537 0
2876 1484 3060 1538 beatas
3100 1483 3345 1553 nuptias,
3368 1499 3592 1553 quarum
3640 1493 3797 1540 torus
3829 1494 3912 1539 est

2316 1567 2621 1638 virginitas!
2656 1570 2854 1626 Harum
2870 1587 3035 1627 causa
3058 1572 3223 1636 beata:
3241 1574 3461 1645 martyri
3490 1584 3567 1629 tot
3592 1575 3907 1629 discrimina
3978 1572 3994 1587 ³

2315 1657 2463 1713 fuere
2492 1660 2791 1717 subeunda.
2826 1662 3044 1717 Viderat
3086 1664 3286 1734 quippe
3324 1665 3509 1733 sponsi
3550 1664 3907 1733 pulchritudi-

2313 1765 2432 1803 nem
2460 1790 2477 1815 ,
2503 1760 2555 1804 et
2581 1750 2650 1805 ab
2678 1751 2795 1821 ejus
2824 1753 3062 1808 contuitu
3110 1770 3216 1809 non
3255 1754 3593 1810 avellebatur
3625 1772 3641 1809 :
3674 1756 3909 1811 instabat

2316 1848 2502 1908 mater,
2529 1856 2648 1911 qua:
2685 1842 2752 1897 ad
2797 1843 3011 1913 nuptias
3038 1844 3346 1914 impellebat
3378 1861 3393 1899 :
3420 1855 3476 1900 at
3513 1845 3605 1900 illa
3644 1861 3907 1916 sponsum

2313 1936 2579 1987 cretestcm
2604 1932 2685 1988 his
2722 1934 2940 1990 vocibus
2967 1936 3337 2005 compellabat,
3369 1938 3451 1991 Ad
3478 1948 3524 1991 te
3551 1940 3714 1992 levavi
3733 1940 3922 1993 oculos-

2310 2039 2468 2089 meos,
2492 2024 2576 2092 qui
2602 2015 2798 2078 habitus
2825 2026 2877 2078 in
2912 2027 3081 2097 εωιο(
3115 2026 3263 2082 Psal.
3289 2028 3410 2082 122.
3446 2030 3469 2083 1
3501 2030 3519 2098 )
3554 2047 3567 2083 :
3613 2030 3921 2085 accedebat-

2312 2128 2503 2183 procus
2533 2115 2751 2184 nuptiali
2805 2132 2921 2170 eam
2980 2118 3247 2187 colloquio
3288 2119 3545 2184 titillans;
3592 2130 3651 2173 at
3700 2120 3791 2174 illa
3849 2137 3907 2176 se

2307 2220 2427 2258 cum
2457 2205 2671 2261 Christo
2708 2208 2863 2263 tacite
2887 2209 3242 2279 conjungebat
3276 2210 3491 2274 dicens,
3526 2211 3763 2265 Adltwsit
3792 2215 3905 2268 ani-

2308 2313 2389 2349 ma
2416 2315 2524 2351 mea
2553 2308 2665 2367 post
2694 2309 2739 2351 te
2774 2301 2791 2371 (
2827 2300 2967 2355 Psal.
2989 2301 3075 2355 6'2.
3099 2302 3131 2356 9
3160 2302 3178 2371 )
3208 2321 3221 2356 :
3255 2302 3598 2357 conﬂuebant
3626 2304 3900 2359 adulatio-

2304 2387 2462 2442 nibus
2501 2398 2777 2457 captautcs
2821 2393 3131 2462 propinqui;
3185 2402 3240 2447 at
3295 2395 3435 2449 illius
3482 2395 3650 2449 menti
3709 2396 3908 2449 Paulus

2304 2490 2611 2535 contestans
2640 2481 3027 2537 obversabatur
3059 2501 3074 2536 :
3104 2483 3367 2551 Despondi
3396 2494 3444 2539 te
3467 2490 3554 2538 uni
3596 2486 3705 2539 tiro
3752 2488 3907 2556 virgi-

2304 2588 2415 2624 nem
2433 2583 2621 2647 castam
2639 2575 2868 2629 exhibere
2896 2574 3094 2629 Christo
3118 2575 3190 2647 (2.
3210 2580 3329 2636 Cor.
3350 2580 3770 2648 11.9.):supplica
3779 2580 3906 2635 bant

2307 2663 2446 2716 servi
2498 2679 2620 2718 cum
2680 2666 2930 2736 lacrymis
2955 2685 2969 2732 ;
2999 2678 3052 2721 at
3081 2668 3156 2722 illi
3200 2684 3399 2738 sponso
3428 2671 3689 2725 amatorie
3718 2672 3902 2725 conci-

2300 2754 2458 2806 nebat
2482 2770 2495 2805 :
2533 2754 2657 2820 Quis
2684 2772 2777 2809 nos
2801 2758 3054 2826 separabit
3084 2774 3115 2810 a
3144 2760 3355 2814 caritate
3383 2759 3609 2830 Cbristi(
3649 2760 3807 2815 Rom.
3840 2763 3892 2818 8.

2299 2843 2366 2897 55
2395 2842 2415 2912 )
2443 2845 2465 2897 ?
2516 2845 2786 2901 terrebant
2807 2848 3021 2916 judices
3050 2852 3222 2918 pomis
3246 2866 3261 2915 ;
3290 2861 3345 2905 at
3370 2867 3557 2907 omnes
3589 2854 3679 2906 illa
3707 2871 3901 2925 magno

2296 2934 2474 2989 animo
2506 2936 2818 3004 proculcans
2846 2939 3128 3005 clamabat,
3162 2939 3425 3010 Principes
3445 2959 3545 2996 non
3568 2955 3689 2997 sunt
3719 2947 3890 2999 timori

2297 3025 2436 3079 bonis
2479 3028 2744 3095 operibus,
2769 3029 2856 3081 sed
2890 3029 3038 3084 malis
3065 3030 3084 3101 (
3111 3032 3263 3085 Rom.
3300 3034 3386 3087 15.
3434 3034 3510 3101 3).
3558 3035 3696 3088 Cum
3759 3052 3890 3091 vero

2296 3125 2497 3170 statuas
2537 3118 2853 3186 virginitatis
2879 3122 3036 3174 etiam
3070 3121 3122 3174 in
3150 3123 3248 3177 viis
3279 3122 3410 3192 erigi
3457 3125 3681 3194 martyri
3731 3141 3899 3196 opor-

2298 3214 2469 3273 teret,
2505 3208 2621 3262 talis
2645 3212 2887 3279 quaedam
2919 3211 3108 3279 puella:
3154 3223 3238 3267 est
3285 3223 3470 3268 exorta
3504 3216 3753 3269 tcntatio.
3790 3217 3885 3271 Li-

2293 3298 2474 3353 berata
2499 3300 2700 3369 judicio
2722 3344 2735 3366 ,
2769 3302 2919 3357 Pauli
2968 3304 3204 3373 prmdam
3234 3306 3543 3361 sectabatur
3567 3349 3582 3372 ,
3626 3318 3683 3362 et
3710 3325 3896 3369 rumo-

2294 3406 2405 3445 rem
2436 3402 2657 3461 scquuta
2688 3393 2876 3449 ducem
2919 3396 3037 3461 viis,
3083 3412 3202 3466 quae
3230 3398 3295 3452 ad
3347 3399 3568 3453 Paulum
3617 3402 3895 3468 ferebant,

2291 3497 2416 3536 sese
2465 3492 2549 3537 est
2584 3500 2711 3539 ausa
2762 3488 3114 3541 committere.
3150 3489 3316 3543 Porro
3365 3491 3610 3547 diabolus
3655 3494 3895 3562 puellam

2291 3572 2632 3642 observabat,
2662 3585 2716 3631 et
2745 3593 2866 3631 cum
2895 3579 2992 3632 iter
3019 3590 3263 3649 agentem
3286 3582 3643 3650 observasset,
3676 3584 3893 3642 hostem

2290 3664 2534 3720 immittit
2564 3668 2614 3720 in
2648 3668 2876 3737 puellam
2908 3685 3149 3740 procum,
3183 3673 3504 3743 virginitatis
3526 3684 3807 3746 tamquam
3837 3679 3894 3735 in

2288 3756 2500 3812 deserto
2538 3760 2866 3831 praedonem.
2900 3765 3139 3832 Cumque
3182 3764 3294 3833 jam
3322 3765 3423 3819 iter
3454 3765 3761 3836 perficeret,
3796 3784 3893 3839 ge-

2288 3865 2495 3904 nerosa:
2545 3852 2737 3922 virgini
2780 3854 3125 3909 admissarius
3168 3871 3197 3909 a
3231 3865 3381 3927 tergo
3427 3872 3620 3926 procus
3666 3868 3723 3914 et
3760 3875 3894 3917 acer

2288 3938 2563 4009 indagator
2591 3953 2797 4010 captam
2826 3959 2942 3997 eam
2974 3959 3091 4000 esse
3114 3945 3221 4014 jam
3254 3946 3605 4013 inclamabat;
3635 3948 3893 4006 difficiles

2289 4030 2522 4101 undique
2550 4034 2813 4100 angustia.-
2846 4036 3107 4104 urgebant
3136 4054 3150 4101 ;
3184 4037 3433 4091 robustus
3461 4048 3577 4092 erat
3603 4081 3618 4106 ,
3651 4040 3742 4108 qui
3770 4040 3892 4095 bel-

2287 4120 2392 4175 lum
2425 4122 2722 4188 inferebat;
2768 4124 2999 4192 infirma,
3030 4128 3112 4179 cui
3148 4128 3341 4181 bellum
3376 4112 3888 4186 inferebaturbei-

2288 4229 2407 4267 nam
2439 4214 2649 4284 aliquod
2681 4215 2752 4268 illi
2781 4230 2810 4270 a
2840 4217 3080 4288 perfugio
3112 4218 3203 4273 illo
3234 4219 3723 4290 perfugium?‘Tum
3753 4238 3889 4277 vero

2286 4304 2339 4359 in
2369 4308 2555 4359 cadum
2588 4322 2845 4361 conversa
2875 4310 3023 4380 virgo
3054 4311 3120 4365 ad
3152 4328 3275 4367 eum
3306 4356 3321 4376 ,
3349 4314 3436 4383 qui
3480 4315 3737 4369 omnibus
3765 4316 3885 4370 ubi-

2284 4411 2387 4465 que
2409 4398 2578 4465 ipsnm
2607 4398 2974 4454 invocantibus
2988 4400 3158 4466 adest,
3177 4419 3295 4456 cum
3319 4403 3566 4459 lamentis
3586 4405 3887 4477 clamalmt,

2282 4488 2499 4543 Domine
2524 4487 2660 4543 Deus
2690 4505 2827 4544 metu
2848 4533 2864 4558 ,
2896 4491 2948 4545 in
2969 4502 3016 4545 te
3045 4494 3244 4563 Speraui
3266 4492 3285 4566 ζ
3321 4494 3463 4549 Psnl.
3496 4496 3548 4548 7.
3579 4496 3739 4567 9.).“
