4084 6492
175 428 272 486 π’]

1246 418 1337 476 DE
1377 420 1647 477 SANCTA
1685 417 1958 479 THECLA
2000 417 2360 476 MARTYRE.

3358 419 3470 474 τ.ἱῆ

175 542 263 603 τις
288 542 563 617 Δεσπότην
597 543 834 615 Χριστὸν
868 542 928 607 ἐξ
959 542 1192 614 ούρανοῦ
1225 543 1518 608 δεδωκότα,
1552 543 1759 612 πολλὰς
1864 541 2223 605 ἀναστάσει,
2249 541 2436 612 φησὶν,
2457 539 2596 594 οὔτε
2619 537 2938 610 γαμοῦσιν,
2968 539 3106 592 οὒτε
3137 540 3472 607 γαμίσκον-

174 644 302 712 αὐτῇ
332 640 457 712 περὶ
484 640 680 712 γάμων
709 639 992 703 νουθεσίας
1018 640 1455 711 έμακρολόγουν·
1485 640 1519 710 ή
1543 640 1760 692 Παύλου
1864 656 1981 695 ται.
2015 638 2116 692 Διά
2154 637 2319 691 τοῦτο
2363 637 2459 691 καὶ
2492 634 2554 689 τὺ
2590 634 2794 706 πτῶμα
2829 634 2925 687 τοῦ
2957 635 3283 704 πράγματος
3318 637 3466 706 πάμμ-

171 738 227 792 δὲ
254 738 355 808 ἄρα
387 740 507 798 ταῖς
533 735 635 806 τῆς
671 735 843 806 κόρης
881 735 1072 798 ἀκοαῖς
1103 734 1287 805 ἐπῳδὴ
1327 734 1650 805 προενήφει,
1694 734 1765 788 ἰι

174 833 395 904 ἄτομος
417 830 568 904 [750]
591 828 852 900 μεριμνᾷ
883 830 956 885 τὰ
983 831 1092 885 τοῦ
1131 834 1370 898 Κυρίου,
1407 830 1510 883 ἵνα
1544 823 1587 900 ᾖ
1623 828 1764 899 ἁγία

177 930 270 984 καὶ
294 929 538 998 σώματι,
574 928 673 980 καὶ
700 927 1015 997 πνεύματι.
1041 927 1314 996 Στέφανος
1333 926 1433 998 τῆς
1466 925 1764 999 παρθενίας

174 1023 361 1087 εὐθύς·
394 1022 556 1086 αύτδς
585 1023 724 1093 αὐτῇ
773 1022 990 1094 πρῶτος
1017 1022 1115 1092 τῆς
1149 1022 1424 1093 μερίμνης
1462 1022 1491 1082 φ
1523 1004 1723 1092 τρότξης
1745 1037 1759 1051 .

176 1121 412 1192 μεριμνᾷ
460 1119 570 1190 γὰρ
607 1119 859 1187 εὐλογίας
912 1117 1219 1189 ἀνάμεστον
1265 1118 1568 1189 μέριμναν,
1603 1135 1762 1190 μερι-

176 1219 284 1287 μνᾷ
329 1215 511 1284 πάσης
588 1213 923 1285 ἀμεριμνίας
977 1213 1418 1286 ἐλευθερωτέραν
1471 1195 1760 1285 φροντίδα,

176 1309 324 1387 ῖναῇ
367 1311 497 1380 ἁγία
543 1311 638 1364 κοιλ⁸
679 1309 894 1381 σώματι
941 1311 1036 1363 καὶ
1085 1308 1382 1379 πνεύματι.
1429 1308 1595 1362 Οὐδὲν
1629 1311 1765 1380 αὐτῇ

175 1409 348 1463 κοινὸν
381 1408 516 1478 πρὸς
546 1407 644 1478 τὴν
674 1408 798 1477 γῆν,
827 1406 1053 1476 οὐδεμία
1085 1406 1219 1476 πρὸς
1247 1404 1493 1476 γαμικάς
1522 1405 1769 1473 ἀνάγκας

175 1506 478 1575 συγγένεια,
540 1497 652 1556 οἷον
698 1500 1055 1573 πορνεύοντος
1110 1502 1445 1572 ἀνασχέσθαι
1497 1501 1769 1572 νυμφίου,

175 1601 404 1671 ὑποψίας
440 1600 673 1670 ματαίας
699 1599 1040 1667 ὑπενεγκεῖν,
1074 1597 1323 1663 ἐξουσίαν
1362 1597 1650 1668 χρησίμων
1675 1597 1773 1664 ἀφ-

167 1696 408 1767 ῃρῆσθαι
441 1695 709 1764 προόδων,
730 1694 858 1765 περὶ
885 1693 1092 1765 τροφῆς
1117 1692 1515 1756 διευθύνεσθαι,
1538 1709 1773 1763 κοσμου-

177 1795 342 1863 μένην
383 1789 828 1860 ζηλοτυπεῖσθαι,
863 1787 1222 1842 διαπτύεσθαι
1253 1790 1382 1860 πρὶν
1421 1787 1582 1860 τέκῃ,
1637 1787 1771 1841 καϐ-

168 1892 314 1959 άπερ
343 1885 498 1942 οὔπω
532 1887 780 1958 γαμετὴν
824 1886 1146 1958 γενομένην,
1179 1886 1447 1940 τεκοῦσαν
1491 1885 1629 1956 ὑπὲρ
1662 1884 1771 1937 τῶν

172 1987 345 2040 τόκων
379 1985 659 2056 εὑρίσκειν
713 1983 1064 2055 ἐγκλήματα.
1122 1982 1352 2054 Ἑτέχθη
1409 2001 1495 2045 τις
1537 1972 1770 2052 θήλεια;

172 2083 252 2135 ὅτι
286 2082 361 2152 μὴ
401 2081 589 2152 ἄρῤεν,
618 2081 648 2133 ό
701 2080 843 2150 ἀνὴρ
873 2078 1288 2151 σκυθρωπάζει.
1329 2077 1644 2149 Προσετέθη
1680 2077 1776 2129 καὶ

171 2178 372 2248 άρῤεν;
395 2175 590 2246 ἐτέχθη
614 2175 675 2228 τὺ
705 2176 917 2246 τεχθὲν,
942 2175 1019 2239 ὡς
1045 2177 1147 2229 οὐκ
1173 2173 1469 2246 εὔμορφον.
1496 2172 1774 2241 Χαρίεντα

173 2274 308 2343 πρὸς
348 2273 914 2344 κάλλκηάμφότερας
949 2273 1025 2336 ὼς
1075 2271 1219 2342 ὑπὲρ
1249 2271 1434 2324 καλῶν
1475 2273 1507 2340 ή
1553 2270 1775 2342 φροντὶς

163 2369 503 2440 πικροτέρα.
529 2368 959 2439 ’Δπηλλάγησαν
982 2368 1286 2437 γάλακτος;
1315 2365 1587 2430 διεδέξατο
1613 2364 1775 2417 πάλιν

171 2464 490 2534 ἀνατροφῆς
528 2464 773 2532 ἀγωνία·
826 2465 956 2518 ὅταν
1017 2463 1328 2530 ὑγιαίνωσι,
1377 2460 1454 2532 μὴ
1510 2461 1777 2530 νοσήσωσι

171 2557 340 2626 φόϐος
361 2574 375 2588 ·
409 2559 539 2612 ὅταν
562 2560 860 2630 νοσήσωσι,
881 2558 1053 2611 δειλία
1087 2557 1162 2627 μὴ
1185 2556 1590 2626 τελευτήσωσιν
1610 2571 1624 2585 ο
1649 2555 1776 2607 ὅταν

171 2654 598 2725 τελευτήσωσιν,
639 2654 717 2717 ὼς
747 2653 835 2707 ἐπ’
866 2655 1080 2723 ἀτέχνῳ
1108 2653 1297 2705 λοιπὸν
1344 2651 1567 2704 ἔσεσθαι
1604 2667 1778 2703 καταο

177 2750 444 2821 φρόνησιν
485 2750 688 2820 φόϐος·
725 2751 856 2804 ὅταν
907 2749 982 2820 μὴ
1016 2749 1454 2819 τελευτήσωσιν,
1512 2746 1588 2810 ὡς
1636 2747 1778 2817 ὑπὲρ

175 2845 402 2908 ζώντων
437 2848 470 2916 ή
513 2847 736 2916 φροντὶς
789 2846 1103 2916 βαρυτέρα,
1157 2843 1320 2897 πόθεν
1363 2846 1446 2907 εἱς
1497 2842 1781 2895 παίδευσιν

175 2942 417 3014 χορηγία
450 2943 566 3005 τοῖς
607 2942 824 3005 τέκνοις
845 2982 859 3008 ,
890 2941 1057 2994 πόθεν
1089 2941 1276 3003 αὐτοῖς
1314 2937 1555 3011 γαμικοῦ
1599 2956 1779 3009 παρα-

177 3039 352 3108 σκευὴ
392 3037 880 3109 συναλλάγματος,
921 3037 1085 3090 πόθεν
1129 3036 1458 3106 ἐσθημάτων
1501 3035 1780 3105 εὐσχημο⁹

178 3135 340 3205 σύνη,
360 3135 527 3188 πόθεν
553 3134 782 3188 οίκετῶν
805 3133 1020 3203 ἑκάστῳ
1043 3132 1295 3203 διανομὴ,
1321 3134 1449 3185 ποῖα
1470 3131 1580 3185 τῶν
1609 3130 1779 3183 ὄντων

177 3231 495 3303 προσνείμῃ
536 3230 613 3301 τῷ
667 3231 911 3301 μείζονι,
948 3229 1066 3292 πῶς
1105 3229 1197 3281 τὸν
1242 3227 1568 3300 μικρότερον
1616 3226 1781 3298 θερα-

176 3327 378 3381 πεύσει
414 3326 735 3397 φθονοῦντα.
782 3327 844 3382 Ἠ
871 3327 1102 3396 ἄγαμος
1121 3326 1382 3396 μεριμνᾷ
1407 3327 1483 3380 τὰ
1515 3325 1623 3379 τοῦ
1658 3328 1779 3379 Κυ-

169 3423 339 3492 ρίου,
361 3423 464 3476 ἵνα
486 3418 530 3494 ᾖ
565 3423 706 3493 ἁγία
729 3422 827 3476 καὶ
853 3423 1082 3492 σώματι
1113 3421 1212 3476 καὶ
1235 3422 1546 3490 πνεύματι.
1573 3420 1648 3474 Οὐ
1687 3420 1783 3474 τοῦ

176 3518 366 3589 γάμου
401 3519 830 3590 στηλιτεύωτὴν
875 3519 1039 3590 φύσιν
1061 3533 1076 3548 °
1107 3518 1334 3589 πρόνοια
1357 3518 1467 3587 γάρ
1499 3512 1656 3581 οὗτος
1687 3515 1784 3570 τοῦ

179 3614 377 3683 γένους
428 3616 620 3686 κοινήο
679 3614 819 3668 ἀλλά
867 3614 977 3668 τῶν
1024 3615 1082 3667 ὲν
1113 3615 1280 3686 γάμῳ
1334 3614 1646 3686 δημοσιεύω
1686 3613 1785 3685 τὴν

138 3725 142 3728 '
183 3711 502 3782 μέριμναν,
547 3711 824 3783 μερίμνης
878 3711 1152 3782 σαρκικῆς
1192 3712 1446 3783 οὐράνιον
1484 3710 1787 3783 προτίθημι

183 3807 488 3879 μέριμναν,
515 3807 734 3861 κάλλιον
758 3806 926 3862 καλοῦ
957 3807 1233 3878 προτιμῶ.
1255 3805 1534 3878 Κρείττων
1558 3806 1652 3859 καὶ
1678 3806 1787 3859 τῶν

184 3904 332 3957 κατά
355 3904 458 3975 τῆς
475 3902 619 3969 Εὔας
648 3906 681 3974 ἠ
709 3903 982 3977 παρθένος
1003 3903 1324 3976 προστίμων
1345 3918 1359 3933 ⁸
1396 3903 1459 3955 τὸ
1479 3903 1613 3975 γάρ,
1629 3903 1789 3971 Πρὸς

184 4001 297 4055 τὸν
320 3999 513 4069 ἄνδρα
539 4016 658 4056 σου
691 4003 730 4071 ἠ
757 4001 1116 4072 ἀποστροφή
1147 4017 1289 4067 σου,
1316 3999 1414 4054 καὶ
1449 4000 1636 4068 αὑτός
1668 4016 1787 4055 σου

185 4099 497 4166 κυριεύσει
515 4140 531 4164 ,
594 4100 716 4163 ταῖς
770 4099 904 4170 παρ’
959 4097 1172 4170 ἀνδρῶν
1237 4095 1313 4169 μὴ
1360 4096 1790 4168 δεσποζομέναις

186 4195 517 4267 ἀνίσχυρονο
541 4194 624 4262 τὸ,
667 4196 773 4251 Ἑν
799 4198 1025 4264 λύπαις
1057 4195 1205 4264 τέξῃ
1251 4195 1456 4259 τέκνα,
1487 4195 1612 4260 ταῖς
1650 4212 1792 4266 παρ-

186 4293 549 4356 θενευούσαις
598 4293 805 4366 ἀργόνο
855 4295 891 4365 ἡ
946 4292 1057 4367 γάρ
1101 4294 1177 4366 μὴ
1230 4293 1496 4347 τίκτουσα
1532 4293 1633 4364 τῆς
1678 4291 1792 4346 τῶν

183 4389 458 4461 λυπηρῶν
485 4390 693 4444 ὠδίνων
741 4391 902 4456 ὲκτδς
953 4391 1308 4461 ἀποφάσεως.
1337 4391 1478 4460 Ἤδη
1518 4391 1633 4454 τοῖς
1679 4388 1792 4444 τῶν

189 4486 506 4558 μελλόντων
531 4489 566 4559 ή
598 4486 870 4559 παρθένος
899 4477 1176 4561 ἱντρυφᾷς
1196 4485 1516 4560 ἀρραϐῶσιν
1532 4503 1548 4518 ·
1583 4486 1687 4560 ήδη
1712 4485 1792 4558 τῷ

188 4583 296 4653 τῆς
350 4582 705 4647 ἀναστάσεως
751 4583 1016 4655 ἁγιασμῷ
1076 4585 1368 4648 συνοικεῖς.
1411 4583 1517 4637 Ἐν
1564 4582 1676 4651 γὰρ
1714 4581 1794 4652 τῇ

1870 751 2037 808 μέγα,
2071 734 2374 806 ἐπειδήπερ
2406 733 2502 787 καὶ
2532 732 2594 785 τὸ
2637 715 3004 802 κατόρθωμά.
3041 729 3133 782 διὰ
3162 730 3323 784 τοῦτο
3366 731 3468 801 τῆς

1868 832 2285 903 πορνευομένης
2313 832 2347 900 ή
2383 831 2485 900 τῆς
2513 827 2997 900 παρθενευομένης
3035 827 3297 896 ἀσέλγεια
3333 845 3468 896 μιαο

1872 928 2123 1001 ρωτέρα*
2148 927 2210 980 ού
2239 926 2350 997 γάρ
2393 926 2508 978 ῐσον
2543 925 3032 996 παρθενευομένης
3070 924 3165 978 καὶ
3206 941 3471 996 πορνευο-

1871 1023 2044 1095 μένης
2081 1022 2290 1094 φθοράο
2317 1023 2420 1075 ούκ
2459 1021 2574 1075 ίσον
2616 1019 2875 1084 ἰδιώτιδος
2909 1019 3005 1073 καὶ
3043 1020 3313 1091 βασιλίδος
3342 1019 3472 1088 φθο-

1872 1122 1974 1193 ρά·
2004 1119 2107 1174 οὐκ
2138 1119 2255 1172 ἴσον
2279 1116 2506 1180 σκεύους
2535 1116 2814 1188 ἱερατικοῦ
2850 1115 2945 1168 καὶ
2975 1116 3237 1186 ἀγοραίου
3268 1114 3468 1185 κλοπή.

1869 1218 2076 1282 Σκεῦος
2110 1218 2220 1289 γὰρ
2253 1214 2531 1288 ἱερατικὸν
2569 1215 2604 1285 ή
2636 1213 2932 1284 παρθένος,
2961 1211 3254 1283 πορφυρὶς,
3276 1212 3343 1281 ἢν
3372 1211 3475 1262 οὐκ.

1871 1315 2086 1383 ἔξεστιν
2112 1314 2258 1385 ἄλλῳ
2287 1311 2431 1384 πλὴν
2469 1311 2548 1382 τῷ
2581 1310 2690 1364 τῶν
2724 1309 2862 1363 ὅλων
2907 1308 3119 1379 βασιλεῖ
3153 1307 3475 1379 προσηρμό-

1873 1413 2022 1476 σθαι,
2054 1411 2243 1483 νύμφη
2276 1409 2455 1480 γάμον
2482 1408 2571 1461 ἀεὶ
2596 1406 2915 1478 κεκτημένη
2949 1404 3245 1477 παρθένον.
3270 1406 3334 1456 Ὃ
3366 1421 3474 1472 μα-

1873 1508 2085 1580 καρίων
2106 1506 2322 1576 γάμων,
2354 1499 2428 1557 ὧν
2459 1505 2493 1574 ἡ
2525 1503 2788 1574 στρωμνὴ
2818 1501 3110 1574 παρθενία.
3148 1500 3320 1571 ’Υπὲρ
3352 1497 3474 1552 τού-

1872 1621 1982 1659 των
2016 1603 2118 1674 τῆς
2174 1602 2454 1674 μακαρίας
2500 1603 2549 1653 οἱ
2599 1600 2837 1653 κίνδυνοι
2877 1599 3185 1670 μάρτυροςο
3217 1592 3324 1648 εἶδε
3367 1594 3477 1666 γὰρ

1875 1703 1970 1757 τοῦ
1997 1700 2238 1772 νυμφίου
2258 1697 2321 1751 τὸ
2356 1696 2575 1759 κάλλος,
2612 1696 2708 1749 καὶ
2737 1697 2836 1766 τῆς
2862 1694 2993 1758 θέας
3020 1695 3122 1747 οὑκ
3148 1693 3436 1746 ἀπεσπᾶτο
3461 1706 3475 1718 ·

1877 1799 2132 1854 ἀπέκειτο
2168 1797 2352 1868 μήτηρ
2390 1793 2527 1864 πρὸς
2577 1791 2728 1864 [751]
2766 1792 2944 1863 γάμον
2995 1789 3318 1859 έπείγουσα,
3350 1788 3384 1858 ή
3421 1786 3480 1839 δὲ

1878 1896 2016 1966 πρὸς
2041 1894 2133 1947 τόν
2162 1895 2219 1946 ὲν
2257 1893 2374 1955 τοῖς
2395 1891 2647 1960 οὐρανοῖς
2681 1887 2866 1942 διεϐόα
2903 1886 3139 1958 νυμφίον
3159 1904 3172 1917 ·
3216 1885 3373 1954 Πρὸς
3404 1881 3482 1936 σὲ

1875 1989 1992 2063 ἦρα
2019 1991 2164 2056 τοὺς
2188 1987 2540 2058 ὀφθαλμούς
2561 2004 2703 2056 μου,
2729 1988 2838 2040 τὸν
2868 1983 3267 2039 κατοικοῦντα
3296 1981 3368 2033 ἐν
3401 1977 3482 2044 τῷ

1877 2085 2146 2155 οὐρανῷι
2195 2084 2464 2153 ἐπεφοίτα
2519 2082 2769 2155 μνηστήρ
2813 2079 3048 2145 διαλέξει
3089 2078 3302 2149 γαμικῇ
3337 2090 3480 2146 γαρ-

1879 2183 2144 2253 γαλίζων,
2182 2186 2215 2253 ὴ
2257 2182 2315 2235 δὲ
2344 2180 2424 2251 τῷ
2451 2178 2673 2252 Χριστῷ
2708 2178 2830 2232 καθ’
2868 2176 3066 2248 ἑαυτὴν
3102 2174 3480 2236 συνετάττετο,

1891 2277 2225 2347 Ἑκολλήθη
2252 2279 2291 2346 ἡ
2327 2275 2500 2347 ψυχή
2519 2295 2638 2346 μου
2662 2263 2860 2330 ὀπίσω
2881 2291 3021 2340 σου,
3053 2273 3288 2342 λέγουσα
3309 2287 3323 2300 ’
3360 2287 3484 2323 συνα-

1879 2378 2072 2449 ἐρῤεον
2104 2377 2392 2444 συγγενεῖς
2425 2373 2840 2439 κολακεύοντες,
2879 2375 2912 2443 ή
2950 2371 3008 2425 δὲ
3040 2367 3485 2440 διαμαρτυρόμε-

1881 2493 1970 2530 νον
2001 2473 2339 2543 ὲφαντάζετο
2370 2469 2585 2523 Παῦλον
2607 2487 2620 2500 ·
2667 2469 3051 2539 Ἠρμοσάμην
3080 2482 3154 2520 σε
3191 2463 3283 2517 ἐνὶ
3309 2461 3484 2530 ἀνδρὶ

1881 2571 2184 2639 παρθένον
2205 2568 2404 2638 ἁγνὴν
2427 2565 2818 2635 παραστῆσαι
2842 2563 2924 2629 τῷ
2944 2560 3212 2632 Χριστῷζ
3243 2559 3484 2612 ἱκέτευον

1881 2668 2093 2720 οἰκέται
2126 2668 2225 2720 σὺν
2274 2665 2568 2737 δάκρυσιν,
2613 2664 2646 2731 ή
2679 2661 2736 2713 δὲ
2773 2659 3044 2731 προσῇδεν
3086 2655 3366 2728 ἐρωτικῶς
3405 2651 3485 2722 τῷ

1881 2762 2133 2832 νυμφὶῳ’
2175 2762 2272 2826 Τίς
2312 2759 2470 2828 ἡμᾶς
2511 2758 2756 2828 χωρίσει
2795 2754 2915 2808 ἀπὸ
2951 2753 3064 2823 τῆς
3091 2753 3332 2823 ἀγάπης
3377 2748 3486 2804 τοῦ

1885 2858 2185 2927 Χριστοῦ;
2217 2857 2448 2926 ἐφόϐουν
2492 2853 2748 2908 δικασταὶ
2787 2851 3106 2925 τιμωρίαις,
3132 2851 3166 2922 ή
3195 2850 3252 2902 δὲ
3281 2847 3487 2918 φρονή-

1889 2971 2019 3024 ματι
2073 2952 2258 3014 πάσας
2316 2952 2612 3005 κατεπάτει
2649 2948 2875 3019 βοῶντιο
2925 2950 2988 3001 Οἱ
3037 2946 3327 3014 ὔρχοντες
3374 2943 3487 2996 οὐκ

1887 3050 2006 3103 εἱσὶ
2039 3050 2226 3118 φόϐος
2264 3046 2386 3100 τῶν
2419 3046 2660 3118 ἀγαθῶν
2681 3047 2890 3115 ἔργων,
2914 3043 3078 3099 ἀλλὰ
3114 3041 3233 3095 τῶν
3261 3038 3483 3094 κακῶν.

1899 3145 1990 3208 Ὦς
2018 3144 2076 3197 δὲ
2107 3145 2217 3198 ἔδει
2241 3143 2346 3197 κᾶν
2365 3145 2487 3205 ταῖς
2510 3142 2648 3205 ὁδοῖς
2670 3139 2971 3211 παρθενίας
3002 3137 3328 3216 ἀνδριάντας
3357 3134 3490 3189 ἀνα·

1892 3242 2083 3313 στῆναι
2138 3242 2204 3311 τῇ
2253 3240 2531 3311 μάρτυρι,
2563 3238 2777 3306 γίνεταί
2825 3255 2879 3290 τι
2931 3235 3174 3290 τοιοῦτον
3219 3236 3285 3305 τῇ
3334 3230 3489 3284 παιδὶ

1889 3332 2266 3409 πειρατήρῖον.
2301 3336 2578 3406 ’Δφεμένη
2604 3335 2707 3404 τῆς
2731 3333 2968 3405 κρίσεως
2995 3331 3096 3403 τὴν
3118 3329 3334 3385 Παύλου
3367 3345 3491 3400 μετ⁴

1888 3433 2082 3487 εδίωκε
2108 3433 2310 3506 θήραν,
2338 3433 2438 3486 καὶ
2463 3433 2585 3494 ταῖς
2609 3432 2822 3502 φήμαις
2841 3431 3040 3501 ὁδηγου
3051 3430 3188 3501 μένη
3219 3425 3488 3498 κατεθάρ-

1890 3529 1976 3600 ρει
2001 3529 2097 3582 καὶ
2119 3527 2255 3582 ὁδῶν
2277 3525 2532 3597 ἀγουσῶν
2550 3527 2643 3579 ἐπὶ
2661 3527 2874 3580 Παῦλον
2889 3569 2897 3580 .
2914 3527 3137 3598 Ἑτήρει
3169 3524 3226 3580 δὲ
3248 3523 3357 3594 ἄρα
3389 3521 3489 3590 τὴν

1891 3626 2062 3697 κόρην
2095 3624 2366 3688 διάϐολος,
2399 3624 2497 3677 καὶ
2527 3625 2776 3696 τηρήσας
2806 3622 3197 3694 ὁδοιποροῦσαν
3228 3622 3494 3688 ἐπιστρα-

1889 3720 2038 3774 τεύει
2067 3721 2162 3774 τὸν
2200 3721 2492 3792 μνηστῆρα
2523 3723 2591 3792 τῇ
2637 3721 2800 3792 κόρη,
2844 3721 2946 3790 τῆς
2984 3717 3286 3788 παρθενίας
3322 3715 3397 3778 ὡς
3432 3715 3493 3766 ὲν

1890 3815 2099 3889 ἀρημίᾳ
2125 3815 2482 3888 λῃστήν.Καὶ
2501 3816 2567 3887 δὴ
2587 3816 2873 3888 πληρούσῃ
2899 3815 2995 3886 τὴν
3024 3815 3141 3867 ὁδὸν
3167 3815 3234 3885 τῇ
3266 3810 3492 3881 γενναίᾳ

1895 3909 2233 3985 ἱππόπορνος
2256 3913 2488 3967 κατόπιν
2527 3914 2556 3966 ὁ
2588 3913 2840 3984 μνηστήρ
2870 3911 3154 3964 ὀπιπεύων
3182 3905 3492 3970 ὲπωλόλυζε

1895 4011 2160 4082 σύλληψιν
2174 4027 2188 4042 ·
2211 4008 2416 4082 ἄπορος
2436 4008 2779 4080 πανταχόθεν
2801 4009 3132 4079 στενοχωρία
3149 4024 3164 4038 ο
3183 4009 3212 4060 ὁ
3234 4006 3365 4059 πολε
3374 4004 3492 4076 μῶν

1896 4107 2142 4178 ἰσχυρὸς,
2177 4107 2213 4179 ή
2244 4104 2631 4176 πολεμουμένη
2675 4103 2874 4177 σαθρά.
2907 4103 3019 4170 Ποῦ
3057 4121 3142 4167 τις
3181 4103 3241 4154 ἐν
3284 4098 3492 4172 ἐρημίᾳ

1893 4205 2220 4277 καταφυγῆς
2262 4206 2589 4282 καταφυγή;
2634 4205 2948 4281 Στραφεῖσα
2971 4205 3037 4259 ’δὲ
3078 4205 3216 4276 πρὸς
3259 4201 3492 4274 οὐρανὸν

1893 4301 1929 4372 ή
1962 4300 2255 4373 παρθένος,
2303 4301 2443 4373 πρὸς
2481 4301 2576 4356 τὸν
2612 4304 2750 4356 πᾶσι
2794 4300 3077 4373 πανταχοῦ
3109 4303 3224 4364 τοῖς
3263 4298 3494 4354 καλοῦσι

1896 4397 2145 4470 παρόντα
2189 4398 2288 4452 σὺν
2331 4399 2606 4470 οἰμωγαῖς
2656 4397 2998 4464 ἀνωλόλυζε’
3041 4399 3222 4467 Κύριε
3268 4399 3302 4452 ό
3348 4394 3496 4462 Θεός

1890 4514 2034 4567 μου,
2068 4495 2166 4551 ἐπὶ
2193 4496 2294 4552 σοὶ
2322 4495 2582 4566 ἤλπισα.
2614 4499 2632 4520 ⁶
2659 4499 2675 4520 ⁸
2699 4500 2717 4520 ⁶
