4084 6472
163 421 270 478 719

1280 415 1372 472 ne
1410 415 1597 474 raro
1635 414 1724 508 nr
1758 408 2249 507 ρκαςιρευτιλ.
2291 416 2331 469 ι.

3360 368 3463 477 τεο

169 539 3450 576 W

1584 645 2036 739 LDMONITIO.

157 803 318 860 Notis
342 801 610 880 Henricus
641 800 983 883 Savilius,_in
1021 800 1273 856 oratione
1301 807 1459 856 sexta
1487 815 1558 856 ne
1589 801 1820 858 verbum
1851 800 2075 872 quidem
2099 815 2224 858 esse
2256 801 2326 856 de
2345 801 2469 858 fato
2505 809 2562 859 et
2582 801 2947 873 providentia,
2980 803 3076 860 sed
3105 809 3277 861 totam
3316 806 3452 878 περὶ

155 895 610 969 ταπριμαργίας
662 894 970 951 orationem
1027 908 1172 958 esse,
1227 907 1334 949 non
1395 895 1624 950 omnino
1643 910 1839 951 verum
1865 904 2045 966 puto:
2078 909 2205 951 nam
2238 909 2368 952 cum
2406 894 2477 951 ab
2503 894 2592 952 his
2621 897 2837 960 verbis.
2870 894 3224 953 Condamus
3267 907 3320 953 et
3370 900 3458 953 lii—

158 978 350 1058 Eamus
375 999 396 1038 :
425 1000 546 1040 cras
571 986 714 1040 enim
759 986 1068 1052 moriemur,
1099 985 1408 1042 oralionem
1451 985 1697 1053 init,.ad
1735 988 1940 1065 seriem
1967 988 2382 1065 praemissamm
2422 985 2740 1054 orationum
2783 986 3030 1060 respicit,
3089 1003 3327 1061 quarum
3369 1005 3461 1045 ar-
3513 1013 3519 1016 -

156 1083 486 1152 gementum
520 1083 607 1132 est
641 1083 835 1131 contra
871 1088 990 1143 eos,
1018 1074 1116 1145 qui
1145 1074 1335 1132 omnia
1362 1072 1479 1132 lato
1506 1075 1768 1146 qu0piam
1794 1063 1857 1134 et
1889 1091 1999 1134 non
2031 1062 2384 1148 providentia
2425 1075 2520 1135 Dei
2548 1077 2666 1149 geri
2692 1077 2998 1149 putabant;
3030 1077 3100 1136 ad
3129 1093 3228 1136 eos
3273 1088 3457 1136 autem
3564 1083 3570 1088 '

153 1168 307 1223 haud
333 1166 498 1222 dubie
526 1173 775 1238 spectant
806 1165 926 1224 hac
951 1167 1140 1234 verba,
1182 1165 1534 1225 Comedamu
1558 1179 1614 1224 et
1636 1169 1933 1225 bibemus:
1965 1184 2086 1224 cm
2111 1157 2255 1225 enim
2285 1170 2616 1237 moriemur;
2654 1169 2772 1227 ιιωο
2791 1177 2923 1227 sunt
2951 1169 3100 1228 dicta
3129 1185 3323 1228 eorum
3354 1175 3454 1245 qui

153 1260 274 1317 fato
305 1261 432 1318 ferri
454 1261 640 1316 omnia
660 1268 873 1346 putant.
907 1257 1068 1328 Quod
1094 1262 1264 1318 etiam
1298 1263 1540 1320 maxime
1569 1252 1856 1321 declarant
1882 1254 2000 1320 hac
2029 1265 2198 1335 paulo
2225 1253 2353 1336 post
2383 1264 2606 1345 initium
2624 1273 2796 1323 sertas
2823 1266 3003 1337 posita
3027 1267 3194 1323 verba
3221 1283 3238 1322 :
3271 1267 3460 1340 ὀπερ

153 1352 314 1428 [752]
359 1348 453 1409 οὖν
478 1353 686 1423 ἔλεγον,
722 1343 826 1430 ὅτί-
837 1353 1076 1425 μάλιστα
1106 1354 1204 1426 μὶν
1250 1355 1301 1409 si
1326 1356 1424 1409 καὶ
1453 1357 1577 1428 εἰκῇ
1604 1357 1703 1412 καὶ
1728 1375 1776 1429 μη

1880 1375 1909 1411 ν
1932 1398 1936 1401 .
1959 1343 2451 1430 παραγεγόναμινέ
2482 1355 2604 1412 οὐδδ
2650 1356 2946 1423 ἀνεύθυνος
2973 1359 3110 1430 ἡμῖν
3159 1359 3196 1430 ἡ
3224 1358 3454 1429 τοιαύτη

154 1446 385 1518 πρᾶξις,
415 1461 539 1518 quae
563 1454 711 1503 certe
741 1446 812 1502 ad
842 1446 969 1502 illos
1001 1447 1342 1519 respiciunt,
1364 1447 1484 1519 qui,
1506 1446 1610 1504 Dei
1633 1449 2233 1526 providentiarejeeta,
2263 1449 2383 1507 fato
2420 1450 2607 1506 omnia
2646 1449 2991 1525 adscribunt.
3025 1449 3167 1507 Cum
3199 1462 3334 1522 ergo
3357 1465 3459 1523 per

159 1553 315 1600 totas
351 1544 600 1615 quinque
634 1546 852 1616 priores
881 1547 1164 1604 orationes
1188 1554 1380 1603 contra
1411 1546 1588 1602 latum
1617 1533 2072 1621 Clirysostomus‘,
2112 1547 2199 1603 vel
2233 1548 2281 1604 si
2309 1547 2440 1619 quis
2463 1547 2608 1605 alius
2633 1538 2831 1619 auctor
2857 1546 2951 1611 sit,
2986 1543 3367 1615 disseruisset,
3397 1546 3457 1603 in

152 1644 313 1692 sexta
361 1648 770 1709 consequenter
812 1637 930 1709 agit
969 1629 1162 1694 contra
1199 1653 1298 1695 eos
1339 1640 1470 1709 qui,
1514 1639 1709 1711 omnia
1756 1639 1869 1696 fato
1919 1637 2046 1718 ferri
2085 1645 2378 1714 putantes,
2429 1640 2680 1710 nihilque
2703 1648 3006 1716 curantes,
3043 1639 3221 1697 ventri
3274 1638 3456 1699 induL

155 1729 382 1802 gebant.

229 1781 460 1877 leaenis
485 1821 652 1878 Cheei
699 1818 1167 1896 Cantabrigiensis
1198 1819 1705 1904 interpretationem
1736 1814 2146 1889 Latinam,etsi
2194 1781 2724 1900 non‘inelegantem,
2751 1822 2884 1897 quia
2920 1807 3046 1879 non
3085 1835 3304 1894 semper
3337 1817 3452 1876 sibi

153 1918 471 1981 constabat,
492 1929 559 1979 et
583 1930 692 1972 non
720 1932 848 1974 raro
870 1916 1164 1973 aberrabat
1189 1931 1224 1971 a
1250 1931 1438 1985 sensu,
1478 1907 1796 1989 refecimus.
1837 1907 2146 1989 novamque
2177 1917 2517 1989 paravimus.
2556 1935 2577 1945 -ι
2780 1949 2784 1952 ν
2940 1942 2945 1950 -

173 2117 464 2136 μ*-

3078 2102 3456 2125 Μ

2803 2108 2828 2130 ⁵.

1330 2204 1627 2269 ssnon
1661 2158 1952 2290 pernis.
1987 2199 2286 2266 nosrnt

723 2359 1536 2498 summa
1609 2311 2961 2496 (tn-strenuom,

1384 2940 1866 3086 arationes
1915 2893 2220 3033 saxi“).

1273 3139 1816 3177 -—-———¢

1817 3127 1860 3178 .
1971 3106 1976 3110 ν
2389 3099 2394 3104 ,

834 3270 937 3374 ’
1021 3265 1183 3352 DE
1223 3264 1532 3354 FATO
1572 3245 1737 3382 ET
1765 3185 2597 3358 etiamnum.

818 3577 1028 3629 “eum
1067 3586 1104 3626 t.
1212 3622 1216 3625 .
1648 3618 1658 3626 ,

229 3665 452 3720 Animus
475 3670 610 3718 recte
628 3644 950 3734 compositus
968 3650 1111 3718 solus
1134 3661 1269 3733 parit
1305 3657 1727 3733 tranquillitatem
1744 3675 1782 3726 ς,

153 3758 371 3828 quitiam
393 3755 528 3811 ιωιε
548 3752 1108 3814 numidia—Hunis
1133 3741 1332 3817 referta
1361 3763 1447 3810 est
1471 3753 1758 3826 perturba-

157 3847 402 3903 tionibus
419 3845 526 3901 vita
546 3853 750 3911 nostra,
771 3844 1194 3924 tumultibusque
1219 3845 1374 3915 plena
1399 3861 1414 3899 :
1443 3859 1628 3900 verum
1657 3857 1764 3898 non

159 3937 216 3992 in
270 3951 341 3992 eo
389 3934 518 3991 mali
555 3935 789 4006 gravitas
842 3919 948 4014 sita
1003 3943 1122 4003 est,
1172 3919 1406 4001 dilecti;
1470 3932 1566 3989 sed
1615 3932 1766 3988 ineo

157 4027 306 4100 quod
343 4042 468 4083 cum
507 4025 814 4097 hujusmodi
846 4025 1279 4097 perturbationes
1318 4035 1480 4096 atque
1507 4024 1788 4096 tumultus

159 4120 249 4177 vel
276 4117 510 4174 leviores
537 4118 754 4174 efﬁcere
781 4118 864 4175 vel
890 4118 1008 4173 sine
1033 4117 1282 4180 molestia
1307 4116 1450 4174 ferre
1473 4115 1782 4188 possimus,‘

161 4219 422 4267 neutrum
469 4225 656 4265 eorum
701 4209 916 4279 assequi
960 4203 1240 4276 conamur,
1269 4207 1496 4268 sedrnos
1531 4221 1768 4264 rumore

159 4301 539 4370 conﬁcientes,
570 4309 740 4357 totum
757 4287 884 4358 vita:
915 4309 1127 4371 tempus
1149 4300 1395 4372 degimus
1416 4316 1432 4355 :
1454 4308 1614 4370 atque
1630 4298 1769 4354 alius

157 4400 559 4467 paupertatem,
589 4392 726 4448 alius
754 4390 1124 4464 aegritudinem
1154 4391 1398 4462 queritur
1421 4432 1438 4457 ,
1460 4389 1598 4446 alius
1622 4389 1771 4444 solli-

143 4485 423 4544 citudinis
451 4486 669 4552 molem,
700 4484 840 4540 alius
867 4483 952 4540 rei
980 4481 1264 4539 familiaris
1291 4496 1508 4549 curam,
1533 4480 1675 4537 alius
1699 4481 1768 4537 li-

157 4578 421 4634 berorum
439 4564 822 4632 educationem
841 4617 856 4642 ,
888 4574 1026 4631 alius
1052 4575 1362 4631 orbitatem.
1388 4575 1470 4631 Ac
1492 4573 1618 4630 vide
1639 4573 1772 4630 insi-

158 4683 328 4740 gnem
363 4667 659 4723 amentiam
685 4684 700 4722 :
726 4682 835 4724 non
861 4666 1008 4722 enim
1049 4666 1239 4723 iisdem
1278 4667 1337 4722 in
1365 4666 1563 4733 rebus,
1590 4665 1686 4722 sed
1715 4667 1772 4721 in

160 4758 460 4815 contrariis
483 4774 636 4829 teque
657 4758 924 4830 lngemus.
950 4758 1109 4836 Atqui
1136 4758 1182 4814 si
1207 4773 1389 4814 rerum
1415 4757 1653 4814 conditio
1675 4773 1775 4812 no-

161 4856 248 4908 bis
295 4863 458 4906 causa
499 4849 672 4907 luctus
699 4857 878 4916 esset,
909 4863 1018 4905 non
1063 4863 1158 4919 par
1202 4858 1347 4905 esset
1392 4849 1446 4903 in
1489 4847 1775 4904 contrariis

162 4940 340 4995 rebus
367 4943 528 5010 aeque
553 4939 739 5011 lugere
767 4956 783 4995 :
813 4937 912 4995 sed
932 4940 979 4994 si
992 4949 1287 5010 paupertas
1314 4939 1515 4994 malum
1537 4937 1777 5010 illudque

165 5031 518 5088 intolerabile
543 5040 716 5100 esset,
742 5046 867 5088 eum
894 5025 1074 5103 quiin
1102 5030 1307 5086 divitiis
1345 5032 1580 5100 viveret,
1613 5047 1774 5088 num-

163 5141 336 5203 quam
366 5123 597 5179 cruciari
626 5132 935 5193 oporteret;
966 5131 1023 5178 et
1045 5122 1094 5178 si
1121 5122 1326 5178 orbitas
1352 5131 1497 5178 esset
1535 5124 1735 5189 malum
1759 5163 1778 5180 .

168 5217 471 5272 multorum
520 5215 813 5272 liberorum
853 5224 1140 5287 parentem
1190 5217 1535 5288 tranquillum
1582 5215 1782 5287 degere

169 5323 277 5379 par
305 5317 474 5364 esset.
500 5308 711 5365 Rursus
737 5309 784 5364 si
809 5308 1197 5379 rempublicam
1221 5308 1603 5365 administrare
1623 5351 1639 5377 ,
1684 5309 1783 5365 lto-

174 5399 409 5455 noribus
456 5398 597 5467 lrni,
649 5400 954 5470 multosque
1001 5401 1247 5456 subditos
1298 5400 1498 5457 habere
1543 5400 1784 5472 optabile

179 5498 352 5557 esset,
374 5490 482 5544 vita
512 5491 740 5562 negotiis
762 5505 933 5546 vacua
948 5500 1006 5548 et
1025 5491 1318 5562 tranquilla
1339 5491 1590 5563 fugienda
1617 5475 1785 5559 esset,

177 5593 237 5638 et
271 5580 524 5637 omnibus
549 5582 673 5638 odio
702 5581 967 5639 habenda.
995 5582 1149 5638 Nunc
1172 5597 1308 5639 vero
1344 5597 1466 5639 cum
1496 5583 1680 5638 videas
1710 5583 1791 5637 lo-

179 5672 428 5741 cupletes
470 5682 525 5728 et
572 5683 757 5730 tenues
799 5691 954 5747 mque
1001 5675 1216 5752 lugere,
1245 5675 1463 5732 divitem
1491 5690 1620 5732 vero
1644 5690 1790 5746 stupe

184 5806 330 5923 ria((a)
341 5805 506 5860 Collati
528 5821 638 5859 cum
661 5808 830 5862 Codice
847 5809 1125 5866 colbertiuo
1146 5811 1224 5873 49,
1243 5813 1326 5877 qui
1349 5825 1448 5863 non
1473 5810 1680 5862 multum
1705 5822 1791 5878 va:

1873 3557 2202 3638 plusquam
2249 3576 2577 3637 pauperem,
2621 3555 2922 3633 princime
2961 3554 3082 3631 plus
3108 3569 3272 3632 quam
3295 3553 3487 3620 subdi»
3522 3606 3525 3607 ν

1875 3667 2012 3730 tum,
2030 3654 2636 3712 mullorumliberornm
2653 3661 2931 3724 parentem
2955 3639 3076 3723 plus
3093 3663 3253 3724 quam
3264 3651 3487 3709 orbum:

1872 3765 1944 3825 ne
1967 3764 2060 3805 res
2084 3748 2138 3804 in
2163 3736 2324 3804 causa
2355 3760 2480 3802 esse
2504 3754 2774 3815 putemus,
2800 3743 2896 3798 sed
2925 3757 3040 3811 eos,
3071 3733 3164 3813 qui
3189 3741 3356 3799 rebus
3383 3731 3485 3811 op,

1872 3851 2105 3912 portune
2140 3841 2217 3897 uti
2248 3854 2418 3910 seque
2443 3838 2511 3894 ab
2535 3836 2684 3893 omni
2710 3847 2898 3892 errore
2927 3831 3159 3895 liberare
3189 3843 3485 3906 nequeunt.

1871 3933 2007 3991 Nam
2035 3932 2494 4005 perturbationem
2517 3939 2681 4002 atque
2708 3930 2992 3985 tumultum
3018 3943 3130 3983 non
3155 3924 3480 3984 temerarius

1871 4039 2058 4081 rerum
2088 4031 2354 4091 eventus,
2397 4019 2494 4077 sed
2525 4033 2625 4076 nos
2644 4062 2660 4088 ,
2691 4018 2788 4076 sed
2825 4018 3039 4074 animus
3067 4024 3256 4074 noster
3296 4031 3490 4088 parere

1873 4117 2034 4190 solet.
2064 4116 2142 4172 lta
2167 4117 2212 4173 si
2239 4116 2310 4171 sit
2348 4115 2442 4170 ille
2478 4112 2636 4170 nobis
2680 4122 2828 4169 recte
2863 4109 3236 4191 compositus,
3276 4108 3504 4166 etiamsi.

1873 4216 2147 4265 sexcenta
2189 4207 2429 4279 undique
2473 4212 2826 4278 tempeﬂates
2868 4203 3194 4271 excitentur,
3241 4201 3298 4257 in
3341 4209 3490 4256 tran-

1873 4301 2046 4372 quillo
2072 4300 2209 4358 etin
2242 4307 2400 4370 portu
2437 4313 2656 4370 semper
2699 4297 3050 4368 quiescamus
3079 4311 3096 4354 :
3129 4294 3486 4366 quemadmo-

1874 4390 2005 4448 dum
2033 4400 2222 4448 eontra
2259 4390 2307 4447 si
2346 4405 2455 4446 non
2501 4389 2572 4444 sit
2613 4388 2756 4443 bene
2781 4385 3005 4442 eiectus
3027 4428 3044 4452 ,
3084 4384 3296 4442 etiamsi
3334 4383 3490 4439 nobis

1874 4498 1966 4539 res
1991 4482 2228 4540 secundo
2257 4492 2420 4539 vento
2441 4481 2702 4549 ferantur,
2725 4478 2999 4550 naufragis
3021 4479 3152 4551 ipsis
3171 4477 3343 4533 nihilo
3367 4492 3484 4533 me-

1875 4575 1983 4638 lius
2011 4576 2243 4632 erimus.
2270 4574 2429 4631 Licet
2464 4583 2520 4630 et
2550 4572 2654 4628 hoc
2680 4573 2733 4626 in
2762 4570 3084 4640 corporibus
3105 4583 3332 4625 cernere
3359 4585 3376 4626 :
3401 4569 3493 4639 qui

1880 4667 2029 4724 enim
2074 4667 2300 4724 robusto
2343 4674 2427 4721 est
2469 4663 2712 4733 corporis
2754 4670 3220 4732 temperamento,
3246 4660 3497 4732 quamvis

1880 4769 2001 4814 cum
2047 4757 2354 4828 inaequabili
2398 4755 2542 4812 aeris
2592 4754 2854 4810 varietate
2901 4751 3207 4809 sexcenties
3259 4762 3492 4823 pugnet,

1877 4865 1988 4906 non
2014 4848 2178 4906 modo
2203 4845 2340 4905 nihil
2360 4847 2489 4905 mali
2515 4847 2770 4919 patietur,
2792 4844 2889 4902 sed
2916 4845 3079 4900 etiam
3100 4833 3493 4900 exercitatidne

1881 4950 1936 4999 et
1964 4943 2308 5014 intemperiei
2345 4940 2737 4998 consuetudine
2760 4939 3131 4996 accessionem
3168 4938 3380 4994 roboris
3408 4953 3498 4993 ac-

1881 5033 2046 5104 cipiet
2075 5049 2092 5090 :
2121 5033 2204 5089 sin
2236 5033 2564 5090 imbecillum
2591 5041 2646 5087 et
2669 5030 2871 5103 gracile
2893 5044 3091 5102 corpus
3117 5029 3332 5095 habeat,
3367 5028 3498 5084 licet

1883 5128 2087 5184 outima
2133 5134 2512 5196 tempestatum
2555 5123 2866 5182 conditione
2918 5122 3148 5188 lruatur,
3196 5121 3330 5178 nihil
3371 5122 3497 5178 hinc

1885 5219 2160 5276 commodi
2207 5217 2468 5286 accedet,
2517 5232 2640 5273 eum
2688 5216 2903 5288 propria
2959 5215 3301 5270 imbecillitas
3353 5213 3495 5271 bona

1887 5322 2268 5383 tempestatum
2303 5312 2512 5367 ratione
2541 5309 2789 5366 ladatur.
2822 5309 2937 5366 Hoc
2969 5309 3148 5379 ipsum
3183 5319 3249 5364 et-
3266 5309 3320 5364 in
3359 5307 3497 5362 cibis

1888 5406 2194 5476 cernimus;
2225 5403 2442 5475 quando
2465 5402 2610 5459 enim
2635 5401 2848 5457 validus
2869 5402 3161 5470 limusque
3182 5408 3370 5456 venter
3389 5411 3494 5466 est,

1894 5497 2268 5569 quodcumque
2309 5495 2643 5566 susceperit,
2681 5493 3028 5565 quantumvis
3053 5491 3281 5558 durum,
3319 5506 3494 5561 quan-

1895 5576 2092 5645 tumvis
2116 5589 2184 5644 ad
2209 5587 2652 5660 concoquendum
2675 5583 2899 5642 difﬁcile
2926 5586 3024 5650 sit,
3049 5583 3102 5638 in
3137 5598 3328 5652 purum
3363 5581 3498 5637 illud

1894 5683 2116 5752 succum
2141 5678 2429 5744 convertit,
2458 5676 2690 5734 naturali
2715 5677 3104 5747 temperatione
3132 5673 3236 5729 cibi
3264 5672 3499 5744 pravita-

1894 5781 2006 5828 tem
2032 5777 2321 5841 superante
2350 5786 2365 5824 :
2394 5767 2610 5840 quando
2631 5776 2812 5823 autem
2843 5767 2927 5822 vis
2946 5765 3065 5836 ejus
3086 5765 3261 5820 soluta
3291 5763 3498 5819 mollis-

1894 5879 2002 5932 que
2027 5877 2129 5930 est.
2158 5863 2285 5922 licet
2309 5860 2412 5936 ipsi
2432 5860 2610 5920 cibum
2635 5860 2868 5919 maxime
2887 5859 3256 5917 succulentnm
3277 5856 3492 5919 oderas,
