4084 6430
601 379 695 435 75!

598 494 651 550 in
688 507 974 564 pessumum
1003 491 1149 548 illum
1169 493 1472 547 .commutat
1499 492 1656 553 atque
1687 480 1999 550 corrumpit,
2026 477 2192 529 imbe-

604 589 821 643 cillitate
846 585 960 654 ejus
993 583 1097 636 vim
1127 581 1232 637 cibi
1257 578 1628 634 labefactantc.
1661 575 1844 644 Itaque
1873 583 1926 627 et
1950 586 2048 625 nos
2069 584 2189 624 cum

604 678 844 731 videmus
870 691 956 730 res
983 672 1359 742 incompositas
1380 712 1394 734 ,
1426 684 1494 723 ne
1523 669 1692 722 Deum
1718 668 1991 736 culpemus
2011 706 2024 731 ,
2055 663 2190 718 dile-

602 769 710 822 eti:
746 765 877 820 illud
904 765 1048 820 enim
1078 779 1186 819 non
1221 770 1304 817 est
1343 759 1640 817 remedium
1682 758 1922 812 invenire
1951 755 2188 821 vulneri,

603 859 698 915 sed
727 859 918 913 vulnus
938 857 1134 911 addere
1162 853 1388 908 vulneri.
1416 851 1493 907 Ne
1523 851 1852 906 dtemouibus
1880 849 2060 903 mundi
2092 847 2190 901 ad-

604 950 1050 1004 ministrationem
1088 946 1470 1010 attribuamus,
1506 961 1572 1000 ne
1601 943 1880 1014 przesentia
1923 943 2038 996 sine
2065 955 2190 1010 pro-

601 1041 836 1095 videntia
873 1037 986 1110 geri
1033 1049 1311 1108 putemus,
1346 1052 1413 1091 ne
1439 1037 1649 1107 genesis
1687 1034 1962 1105 cujusdam
2005 1043 2060 1088 et
2100 1032 2191 1086 fati

604 1130 942 1202 tyrannidem
969 1131 1061 1184 Dei
1093 1129 1441 1199 providentire
1471 1143 1572 1183 ceu
1603 1143 1813 1182 murum
1856 1125 2142 1180 olferamus
2173 1140 2187 1178 :

604 1222 720 1277 hzcc
743 1224 883 1278 enim
911 1222 1090 1276 omnia
1119 1219 1464 1291 blasphemiae
1491 1219 1646 1290 plena
1668 1227 1812 1284 sunt,
1843 1229 1897 1273 et
1921 1231 2046 1271 vere
2072 1231 2192 1285 per-

606 1313 836 1367 turbatio
875 1321 930 1368 et
973 1312 1214 1366 confusio
1260 1325 1364 1365 non
1405 1313 1458 1365 in
1489 1326 1665 1365 rerum
1697 1309 1841 1364 fluxu
1867 1315 1983 1373 est,
2012 1307 2106 1362 sed
2139 1307 2190 1361 in

603 1402 784 1456 animo
815 1402 886 1455 ita
917 1401 1138 1467 atl‘ecto;
1176 1401 1266 1472 qui
1293 1401 1500 1456 etiamsi
1531 1400 1672 1454 bono
1693 1399 1882 1454 ordine
1901 1406 1954 1453 et
1975 1413 2192 1467 compo-

605 1494 800 1550 sitioue
826 1510 1004 1549 rerum
1033 1494 1226 1549 millies
1255 1494 1486 1558 fruatur,
1509 1492 1682 1548 donec
1710 1493 1764 1547 in
1807 1493 1984 1560 seipse
2006 1490 2191 1546 confu-

605 1589 808 1642 sionem
838 1588 978 1642 illam
1005 1596 1164 1657 atque
1189 1586 1641 1656 perturbationem
1672 1584 2054 1649 emendaverit,
2085 1600 2191 1638 non

604 1681 798 1749 poterit
822 1679 888 1733 de
919 1679 1005 1732 illa
1037 1694 1216 1733 rerum
1249 1679 1626 1747 tranquillitate
1649 1676 1908 1747 gaudere;
1933 1676 2026 1731 sed
2054 1679 2192 1730 sicut

605 1771 791 1826 oculus
815 1785 955 1841 zeger
983 1773 1148 1825 etiam
1191 1771 1403 1825 lucente
1441 1768 1665 1823 meridie
1705 1768 2046 1824 tenebraset
2087 1768 2189 1820 alia

605 1877 704 1933 pro
732 1863 850 1917 aliis
874 1863 1104 1927 videbit,
1139 1878 1236 1918 nec
1265 1862 1427 1917 radiis
1457 1861 1685 1928 fruetur,
1711 1876 1874 1916 sanus
1907 1868 2085 1914 autem
2129 1874 2194 1913 ae

606 1954 790 2008 firmus
819 1955 976 2008 etiam
1007 1969 1228 2022 vespere
1271 1953 1467 2024 poterit
1509 1967 1703 2023 corpus
1739 1967 1859 2007 cum
1905 1952 2192 2007 securitate

604 2046 802 2101 ducere
833 2065 846 2101 :
875 2048 952 2101 sic
990 2055 1045 2100 et
1091 2046 1282 2101 mentis
1314 2055 1510 2100 nostra:
1547 2045 1730 2099 oculus
1753 2085 1769 2110 ,
1801 2043 1972 2098 donec
2008 2044 2193 2096 firmus

605 2139 726 2204 erit,
757 2154 844 2194 res
867 2140 1026 2192 etiam
1058 2139 1193 2203 illas,
1218 2153 1337 2208 quae
1362 2138 1596 2193 confusa:
1624 2145 1881 2205 apparent
1900 2176 1914 2200 ,
1944 2142 2090 2190 recte
2117 2135 2193 2187 vi-

604 2230 784 2295 debit;
835 2231 1151 2299 depravatus
1189 2237 1404 2294 autem,
1444 2229 1688 2300 quamvis
1727 2243 1846 2282 eum
1902 2227 1956 2280 in
2019 2227 2189 2295 ipsum

602 2323 790 2376 czelum
816 2322 1051 2386 attollas,
1085 2320 1308 2375 nmltam
1337 2321 1410 2376 ibi
1440 2319 1896 2389 perturbationem
1923 2325 1976 2371 et
2004 2314 2193 2370 confu-

605 2413 811 2466 sionem
834 2411 1220 2481 deprehendet.
1242 2411 1394 2477 Quod
1416 2419 1593 2465 autem
1622 2409 1737 2464 hmc
1758 2409 1828 2462 ita
1855 2423 1914 2462 se
1937 2406 2187 2470 habeant,

607 2504 787 2556 multis
827 2503 921 2557 tibi
971 2518 1091 2557 cum
1123 2511 1385 2566 veterum,
1422 2509 1548 2555 tum.
1573 2500 1674 2554 aevi
1719 2499 1889 2554 nostri
1927 2496 2191 2566 exemplis

602 2593 1000 2648 demonstrabo.
1018 2593 1156 2660 Quot
1176 2601 1536 2663 paupertatem
1558 2592 1712 2646 facile
1732 2592 1926 2656 ferunt,
1948 2597 2191 2659 propter-

600 2701 768 2756 eaque
799 2687 905 2741 Deo
947 2687 1143 2756 gratias
1183 2700 1340 2756 agerc
1385 2701 1490 2739 non
1534 2685 1784 2740 cessant?
1827 2693 1957 2756 quot
1994 2682 2191 2738 divitiis

602 2780 913 2850 deliciisque
960 2779 1196 2834 fruentes
1224 2780 1334 2833 Deo
1364 2795 1471 2834 non
1499 2780 1696 2849 gratias
1723 2789 1919 2849 agunt,
1952 2779 2045 2835 sed
2091 2781 2190 2846 ipsi

602 2873 958 2928 maledicunt?
982 2881 1110 2942 quot
1140 2872 1270 2926 nihil
1300 2887 1462 2942 grave
1488 2872 1629 2941 passi
1663 2871 2014 2926 universalem
2045 2869 2189 2924 illam

602 2964 990 3035 providentiam
1030 2964 1329 3020 accusant?
1367 2975 1498 3035 quot
1527 2965 1579 3018 in
1609 2979 1826 3020 carcere
1870 2963 2014 3019 omni
2057 2971 2190 3017 tem-

603 3071 737 3126 pore
762 3055 1019 3126 degentes
1038 3097 1052 3121 ,
1089 3055 1230 3109 hanc
1258 3056 1528 3109 miseriam
1555 3056 1760 3126 gratius
1783 3055 1997 3119 ferunt,
2030 3069 2189 3125 quam

602 3146 638 3201 ii
663 3150 752 3217 qui
783 3148 836 3202 in
867 3145 1114 3202 libertate
1138 3155 1193 3201 et
1226 3147 1517 3201 securitate
1554 3147 1718 3200 vitam
1763 3145 1998 3200 ducunt?
2030 3145 2190 3200 Vides

601 3238 794 3292 anima:
836 3246 1067 3303 statum,
1115 3246 1169 3292 et
1218 3237 1489 3307 pr0priam
1537 3237 1795 3307 cujusque
1835 3249 2104 3303 mentem,
2136 3247 2190 3293 et

602 3329 792 3383 horum
821 3337 874 3382 et
902 3328 1114 3383 illorum
1141 3343 1355 3384 causam
1379 3343 1533 3395 esse,
1557 3344 1664 3382 non
1701 3337 1876 3384 autem
1906 3329 2074 3398 ipsam
2101 3345 2188 3385 re-

601 3437 721 3478 rum
751 3431 1014 3476 naturam.
1048 3422 1230 3493 itaque
1257 3422 1303 3477 si
1337 3421 1501 3477 animi
1539 3422 1706 3477 nostri
1736 3437 1917 3477 curam
1959 3421 2188 3478 habere-

601 3530 758 3582 mus,
801 3515 932 3569 nihil
973 3514 1422 3584 perturbationis,
1469 3514 1603 3569 nihil
1647 3513 2004 3580 confusionis,
2055 3514 2188 3570 nihil

602 3623 768 3680 grave
791 3616 962 3675 esset,
989 3607 1200 3664 etiamsi
1230 3607 1418 3677 euripo
1447 3607 1633 3677 quovis
1670 3606 2040 3662 vehementius
2066 3607 2190 3662 vitm

602 3709 802 3756 nostra:
845 3715 934 3756 res
973 3714 1066 3756 sus
1108 3699 1283 3770 deque
1324 3699 1606 3755 ferrentur.
1631 3698 1739 3755 Cur
1765 3700 1941 3766 enim,
1970 3713 2187 3770 qureso,

603 3792 800 3848 Paulus
840 3793 1037 3863 gratias
1082 3793 1227 3864 agit?
1267 3793 1428 3865 Atqui
1459 3793 1506 3848 is
1530 3808 1562 3848 e
1591 3806 1817 3848 numero
1859 3807 2045 3847 eorum
2071 3800 2187 3860 est,

602 3884 695 3955 qui
733 3885 933 3952 optime
960 3885 1249 3951 vixerunt,
1277 3893 1332 3939 et
1359 3884 1610 3940 virtutem
1647 3891 1759 3939 toto
1800 3884 1921 3939 vitae
1947 3891 2190 3953 tempore

603 3975 793 4031 sectati
814 3985 958 4042 sunt,
978 3984 1034 4032 et
1052 3975 1272 4031 minime
1291 3976 1470 4046 gravia
1491 3971 1792 4044 huiusmodi
1813 3974 2145 4046 pertulerunt
2171 3992 2186 4030 :

604 4081 768 4122 nemo
794 4082 862 4122 ex
889 4067 1157 4134 omnibus,
1180 4068 1270 4138 qui
1300 4067 1469 4122 solem
1488 4065 1866 4136 adspexerunt,
1893 4065 1980 4121 vel
2000 4065 2193 4135 justior

605 4158 698 4216 illo
727 4157 844 4224 fuit,
875 4157 958 4213 vel
983 4159 1256 4227 asperiora
1286 4173 1448 4228 quam
1476 4157 1568 4212 ille
1595 4171 1786 4227 passus
1809 4166 1912 4213 est.
1939 4159 2192 4212 Attamen

604 4263 726 4304 cum
748 4248 952 4304 videret
970 4249 1166 4305 multos
1190 4251 1246 4305 in
1271 4248 1507 4321 nequitia
1529 4249 1770 4304 viventes
1796 4249 1921 4305 laeto
1939 4264 2062 4305 esse
2079 4249 2195 4304 ani-

606 4356 698 4396 mo
719 4384 734 4407 ,
761 4357 826 4397 ac
860 4344 1216 4413 praesentibus
1245 4343 1349 4400 frui
1379 4345 1624 4414 pecuniis
1647 4383 1664 4411 ,
1695 4345 1893 4415 gratias
1921 4345 2037 4416 ipse
2081 4346 2194 4401 Deo

607 4433 819 4504 agebat,
847 4441 901 4489 et
925 4434 1056 4492 alios
1085 4444 1141 4490 ut
1163 4436 1306 4491 idem
1327 4434 1571 4492 facerent
1588 4437 1922 4491 hortabatur.
1936 4436 2019 4493 Ad
2040 4437 2190 4492 illum

606 4526 875 4595 respicite.
904 4527 970 4582 Et
1000 4536 1054 4582 tu
1081 4542 1204 4583 cum
1231 4527 1430 4585 videris
1474 4527 1776 4599 improbum
1814 4529 1938 4584 lano
1979 4529 2192 4596 animo,

605 4615 805 4670 elatum
825 4659 842 4684 ,
869 4632 990 4672 cum
1022 4617 1223 4674 videris
1251 4618 1497 4674 inimicos
1527 4627 1950 4690 prostemcntem
1972 4662 1988 4688 ,
2021 4620 2195 4676 mole-

604 4716 720 4764 stos
737 4709 840 4763 sibi
861 4708 1104 4765 homines
1126 4710 1490 4775 ulciscentem,
1513 4711 1642 4765 nulli
1663 4711 1951 4766 obnoxium
1973 4711 2192 4779 damno,

607 4799 1102 4858 circumfluentibus
1126 4803 1362 4874 undique
1385 4802 1607 4869 divitiis,
1629 4804 1914 4860 clientibus
1933 4814 1987 4860 et
2005 4804 2195 4860 adula-

611 4891 818 4948 toribus
846 4893 1095 4964 stipatum
1115 4935 1132 4960 ,
1158 4902 1210 4949 te
1240 4909 1367 4950 vero
1390 4895 1443 4949 in
1467 4903 1607 4950 statu
1637 4910 1856 4965 prorsus
1888 4895 2191 4963 contrario,

608 4984 891 5049 molestiis,
917 4986 1301 5056 sycophantiis,
1331 4985 1538 5042 insidiis
1567 4986 1864 5056 obsessum,
1887 5003 2017 5044 cave
2037 4995 2194 5058 putes

607 5090 728 5131 esse
767 5083 819 5131 te
854 5091 922 5131 ex
959 5076 1286 5146 ahjectorum
1326 5092 1580 5144 numero;
1627 5078 1720 5134 sed
1760 5079 1980 5134 Paulum
2009 5079 2194 5135 videns

606 5167 796 5226 eadem
839 5169 894 5224 in
935 5178 1084 5240 parte
1127 5179 1431 5226 versantem
1457 5212 1472 5238 ,
1507 5171 1657 5242 erige
1694 5171 1926 5227 animum
1952 5215 1968 5240 ,
2001 5187 2194 5228 revoca

607 5260 994 5331 cogitationes,
1029 5276 1096 5317 ne
1121 5277 1232 5332 pra:
1258 5277 1490 5319 maerore
1517 5263 1753 5319 decidas.
1793 5265 2038 5320 Amicum
2081 5266 2195 5320 Deo

607 5361 767 5422 atque
795 5350 1004 5408 hostem
1035 5354 1153 5423 ejus
1179 5369 1246 5409 ne
1271 5367 1337 5410 ex
1361 5355 1523 5411 rebus
1543 5355 1818 5426 prosperis
1841 5367 1931 5412 aut
1949 5357 2196 5413 adversis

607 5445 849 5508 aestima;
900 5445 994 5501 sed
1043 5445 1090 5500 si
1132 5446 1332 5502 videris
1372 5449 1674 5519 quempiam
1719 5455 1866 5504 recte
1909 5451 2191 5518 viventem,

609 5537 1031 5609 rgritudineque
1073 5555 1297 5596 vacuum
1342 5540 1410 5595 ad
1457 5542 1707 5611 pietatem
1752 5551 2024 5612 spectare,
2054 5544 2196 5599 hune

611 5626 825 5683 beatum
851 5637 905 5684 et
930 5629 1271 5686 mmulatione
1296 5630 1511 5702 dignum
1533 5641 1679 5702 puta,
1702 5633 1910 5687 etiamsi
1931 5634 2198 5690 sexcentis

613 5718 839 5773 vinculis
890 5721 1304 5792 constringatur,
1336 5722 1389 5776 in
1415 5737 1630 5779 carcere
1669 5733 1925 5793 perpetuo
1966 5724 2192 5788 habitet.

613 5809 848 5878 indignis
879 5813 1096 5881 serviat,
1122 5828 1324 5882 pauper
1352 5815 1450 5879 sit,
1483 5815 1534 5869 in
1566 5815 1799 5871 metallis
1828 5816 2071 5879 laboret.
2103 5827 2195 5874 aut

1346 369 1403 426 s.
1444 366 1720 425 JOANNIS
1747 357 2218 422 ClIRYSOSTUMl
2272 357 2590 414 unum.
2627 360 3156 418 (ZONSTANTINOP.

3791 368 3898 420 ‘25-}.

2297 477 2439 530 aliud
2481 478 2747 547 quidpiam
2779 493 2940 547 grave
2983 482 3228 549 patiatur.
3259 481 3450 536 Beatus
3491 483 3633 537 enim
3664 483 3752 538 ille
3781 494 3890 548 est,

2296 567 2504 622 etiamsi
2532 569 2629 638 ipsi
2651 570 2785 623 oculi
2811 572 3205 640 exsculpantur,
3223 573 3430 627 etiamsi
3452 583 3656 639 uratur,
3678 575 3895 629 etiamsi

2297 673 2495 730 corpus
2535 661 2650 731 ejus
2696 661 2951 731 paulatim
2993 673 3357 718 consumatur.
3385 665 3441 720 Si
3471 675 3649 721 autem
3689 667 3895 721 videris

2295 752 2458 806 alium
2486 753 2536 806 in
2569 754 2804 818 lascivia,
2835 755 3066 824 nequitia
3093 759 3458 827 extremisque
3485 759 3782 814 sceleribus
3809 761 3898 812 vi-

2295 849 2530 908 ventem,
2558 859 2750 914 magno
2784 844 3044 898 fruentem
3069 844 3272 901 honore
3293 889 3308 912 ,
3340 848 3392 901 in
3420 849 3590 916 ipsum
3629 848 3889 903 thronum

2293 934 2499 1002 regium
2526 935 2925 1000 ascendentem,
2957 936 3254 992 diademate
3281 939 3585 994 redimitum
3608 982 3621 1006 ,
3649 956 3895 1011 purpura

2295 1025 2536 1080 indutum
2557 1067 2573 1091 ,
2606 1028 2854 1084 universo
2896 1028 3010 1083 orbi
3057 1029 3406 1098 imperantem
3427 1072 3442 1096 ,
3476 1031 3810 1102 lacrymare,
3841 1043 3896 1086 ct

2294 1117 2440 1172 illum
2468 1119 2590 1174 ideo
2615 1120 2870 1175 miserum
2899 1129 3108 1193 reputa.
3133 1121 3274 1176 Nihil
3302 1122 3444 1176 enim
3481 1121 3734 1179 miserius
3775 1127 3894 1178 ani-

2293 1227 2384 1266 mo
2423 1213 2496 1267 ita
2538 1214 2730 1270 affecto
2755 1258 2769 1281 ,
2812 1216 3020 1271 etiamsi
3053 1226 3220 1270 totum
3257 1216 3442 1272 orbem
3473 1217 3572 1273 sibi
3613 1218 3892 1274 subditum

2293 1305 2506 1362 habeat.
2547 1307 2684 1375 Quid
2730 1311 2873 1363 enim
2918 1309 3266 1364 emolumenti
3314 1311 3554 1380 pecuniis
3611 1311 3907 1367 abundare

2293 1413 2438 1462 eum,
2464 1399 2552 1468 qui
2580 1399 2722 1468 quod
2749 1400 2814 1454 ad
2845 1401 3094 1455 virtutem
3118 1409 3320 1469 spectat
3346 1402 3584 1456 omnium
3613 1404 3892 1472 pauperri-

2293 1504 2413 1544 mus
2457 1491 2563 1544 sit?
2590 1489 2717 1561 quid
2747 1491 2880 1546 lucri
2923 1500 3000 1546 tot
3029 1493 3154 1547 viris
3191 1492 3455 1562 imperare
3484 1509 3637 1558 eum,
3669 1493 3762 1564 qui
3791 1509 3892 1548 nee

2293 1583 2528 1652 seipsum
2559 1597 2657 1638 nec
2683 1583 2902 1638 morbos
2930 1585 3095 1639 animi
3131 1584 3213 1639 sui
3249 1600 3506 1654 supemre
3530 1585 3750 1655 nequit?
3781 1585 3890 1638 Ve-

2293 1690 2411 1728 rum
2440 1675 2484 1728 si
2515 1675 2789 1730 videamus
2813 1690 3008 1745 corpus
3041 1677 3179 1732 male
3205 1677 3454 1732 aﬂ'ectum
3475 1719 3490 1742 ,
3536 1677 3848 1732 febricitans
3871 1717 3886 1742 ,

2293 1766 2518 1836 pedibus
2544 1767 2816 1832 laborans,
2847 1775 2942 1821 aut
2969 1768 3088 1823 tabe
3128 1778 3219 1822 aut
3245 1769 3351 1822 alio
3376 1769 3627 1838 quopiam
3668 1769 3889 1822 incura-

2295 1857 2382 1912 bili
2413 1861 2602 1913 morbo
2631 1859 2904 1914 detentum
2930 1903 2945 1924 ,
2979 1860 3355 1931 lacrymamur,
3387 1861 3484 1915 etsi
3519 1861 3610 1916 ille
3641 1862 3890 1915 omnium

2294 1950 2744 2021 locupletissimus
2773 1953 2862 2004 sit.
2893 1953 3001 2006 imo
3028 1962 3178 2007 tanto
3205 1956 3394 2024 magis,
3423 1964 3624 2023 quanto
3645 1955 3893 2023 locuple-

2295 2043 2397 2095 tior
2420 2051 2519 2096 est.
2547 2043 2678 2096 Nam
2709 2052 2833 2097 tum:
2858 2060 3048 2099 sensus
3079 2045 3340 2100 malorum
3367 2047 3588 2112 acutior,
3617 2063 3742 2101 cum
3765 2049 3891 2117 quis

2295 2135 2347 2188 in
2369 2135 2688 2190 abundantia
2711 2153 2890 2191 rerum
2919 2141 3343 2194 necessariarum
3375 2150 3639 2196 versatur;
3668 2141 3890 2197 Etenim

2293 2228 2383 2296 qui
2414 2243 2521 2298 pra:
2552 2237 2862 2298 paupertate
2881 2230 2948 2284 ab
2966 2230 3154 2284 horum
3178 2229 3433 2287 fruitione
3453 2243 3686 2298 arcetur,
3713 2235 3890 2304 ipsam

2295 2321 2664 2373 necessitatem
2709 2321 3087 2376 consolationis
3130 2323 3248 2379 loco
3291 2323 3488 2379 habet:
3519 2327 3610 2396 qui
3653 2342 3784 2381 vero
3827 2328 3892 2380 iis

2292 2412 2454 2467 rebus
2482 2412 2717 2467 abundat
2745 2422 2800 2467 et
2826 2413 3013 2468 morbo
3044 2414 3331 2484 impeditur
3358 2417 3425 2471 ab
3455 2432 3586 2482 usu,
3612 2418 3735 2472 ideo
3767 2433 3890 2471 ma-

2291 2505 2372 2574 gis
2419 2506 2608 2559 uritur.
2656 2504 2756 2572 Qui
2786 2514 2964 2560 autem
3005 2522 3112 2561 non
3139 2507 3428 2562 absurdum
3461 2507 3653 2574 fuerit,
3679 2509 3728 2562 si
3760 2524 3892 2562 cur-

2292 2609 2456 2665 poreo
2487 2595 2673 2649 morbo
2715 2594 2990 2651 detentum
3029 2598 3332 2667 quempiam
3363 2597 3673 2666 videamus,
3708 2599 3889 2667 ipsum

2294 2688 2550 2743 miserum
2598 2676 2933 2759 prmdicare,
2979 2691 3188 2746 etiamsi
3233 2691 3515 2761 epulentus
3554 2691 3658 2754 sit;
3705 2692 3886 2745 anima

2292 2791 2467 2836 autem
2493 2781 2630 2835 male.
2651 2780 2859 2846 allecta,
2884 2783 3082 2849 anima,
3108 2781 3342 2852 inquam,
3370 2783 3454 2836 cui
3481 2796 3575 2850 par
3598 2781 3755 2848 nihil,
3779 2797 3886 2851 qua

2292 2872 2576 2940 pretiosius
2623 2871 2789 2939 nihil,
2837 2873 3010 2942 ipsum
3053 2873 3266 2927 beatum
3297 2873 3478 2928 dicere
3518 2873 3588 2928 ob
3618 2873 3886 2928 tantillum

2293 2962 2554 3032 pecuniae,
2584 2962 2666 3017 vel
2693 2963 2762 3018 ob
2784 2972 3186 3033 temporaneum
3216 2963 3496 3031 honorem,
3525 2964 3608 3020 vel
3630 2964 3700 3019 ob
3731 2965 3887 3033 quid-

2293 3056 2432 3125 piam
2458 3070 2661 3120 eorum,
2696 3071 2815 3125 qua:
2845 3055 2932 3110 hic
2957 3055 3175 3126 quidem
3204 3064 3440 3121 manent,
3462 3055 3557 3111 sed
3595 3065 3717 3126 post
3747 3056 3888 3111 hanc

2293 3148 2455 3201 vitam
2476 3190 2492 3211 ,
2535 3147 2642 3202 imo
2689 3149 2886 3217 saepius
2928 3157 3051 3203 ante
3077 3149 3203 3204 vitae
3242 3150 3442 3205 exitum
3471 3165 3568 3204 nos
3594 3149 3889 3204 deserunt?

2294 3238 2448 3304 Noli,
2480 3253 2685 3308 qumso.
2727 3238 2855 3294 Haec
2895 3240 3052 3295 nobis
3087 3240 3507 3310 perturbationis
3532 3249 3586 3296 et
3625 3242 3894 3296 tumultus

2290 3343 2452 3384 causa
2481 3337 2625 3384 sunt.
2655 3327 2782 3384 ldeo
2809 3329 2977 3384 Deum
2994 3340 3249 3386 accusant
3269 3332 3443 3398 multi,
3472 3332 3591 3387 ideo
3621 3332 3886 3387 mundum

2292 3421 2436 3475 nulla
2461 3423 2571 3490 regi
2602 3421 2934 3490 providentia
2957 3429 3164 3492 putant.
3187 3423 3342 3490 Quod
3367 3423 3410 3477 si
3439 3423 3642 3480 scirent
3668 3423 3801 3477 nihil
3829 3424 3885 3478 in

2290 3514 2544 3585 przcsenti
2581 3513 2688 3568 vita
2715 3512 2838 3568 boni
2865 3527 3014 3580 esse,
3049 3513 3151 3569 nisi
3178 3514 3428 3568 virtutem
3453 3531 3468 3580 ;
3497 3529 3605 3569 non
3634 3513 3851 3569 divitias
3869 3555 3886 3579 ,

2291 3621 2397 3661 non
2428 3606 2722 3676 pecunias,
2757 3620 2864 3662 non
2892 3607 3211 3673 sanitatem,
3255 3622 3360 3662 non
3406 3608 3726 3677 potentiam,
3773 3623 3889 3664 non

2292 3698 2435 3752 aliud
2469 3698 2772 3768 quidpiam;
2803 3713 2901 3753 nec
2928 3698 3200 3769 quidpiam
3229 3699 3351 3753 mali
3377 3714 3496 3754 esse
3533 3700 3586 3754 in
3630 3702 3889 3769 pmsenti

2292 3793 2420 3857 vita,
2448 3791 2548 3846 nisi
2577 3791 2890 3862 nequitiam,
2922 3790 3334 3860 improbitatem,
3358 3800 3413 3847 et
3449 3791 3641 3846 animae
3667 3807 3890 3862 perver-

2291 3883 2538 3947 sitatem;
2587 3897 2693 3937 non
2738 3889 3104 3951 paupertatem
3140 3882 3225 3936 vel
3271 3881 3548 3949 morbum,
3575 3897 3682 3938 non
3710 3885 3887 3939 mole-

2291 3975 2486 4041 δείδω,
2535 3988 2641 4028 non
2688 3974 3041 4040 calumniam,
3095 3989 3201 4029 non
3247 3974 3350 4028 alia
3389 3989 3508 4045 quae
3536 3975 3721 4045 gravia
3763 3991 3890 4032 esse

2296 4074 2592 4134 putantur:
2623 4079 2911 4137 numquam
2958 4065 3080 4120 talia
3126 4064 3490 4136 loquerentur,
3520 4067 3693 4136 qualia
3738 4083 3889 4122 nunc

2292 4157 2511 4225 dicunt,
2541 4171 2829 4228 numquam
2873 4157 2926 4212 in
2965 4172 3199 4212 interere
3224 4157 3498 4224 viverent,
3543 4173 3669 4227 non,
3696 4158 3890 4216 beatos

2294 4249 2533 4305 dicerent
2557 4263 2651 4305 eos
2673 4289 2688 4312 ,
2721 4261 2856 4318 quos
2883 4249 3110 4304 miseros
3135 4248 3428 4319 praedicare
3450 4256 3758 4318 oporteret,
3785 4266 3890 4306 nec

2295 4340 2520 4396 miseros
2546 4339 2903 4409 prmdicarent
2927 4354 3022 4395 eos
3039 4381 3056 4406 ,
3083 4353 3217 4410 quos
3247 4339 3433 4395 beatos
3454 4338 3558 4395 dici
3583 4355 3681 4410 par
3701 4352 3886 4406 esset;

2295 4447 2400 4487 non
2428 4432 2498 4486 ita
2528 4446 2654 4502 erga
2692 4431 2938 4486 homines
2967 4429 3141 4486 affecti
3165 4439 3365 4486 essent.
3390 4430 3521 4486 Nam
3552 4441 3774 4501 propter
3793 4433 3892 4486 bo-

2296 4533 2422 4578 num
2448 4521 2692 4591 corporis
2719 4520 2956 4577 habitum
2981 4561 2997 4589 ,
3029 4529 3084 4576 et
3112 4521 3354 4576 ciborum
3379 4521 3586 4592 copiam
3607 4564 3623 4588 ,
3654 4533 3712 4578 et
3751 4524 3893 4577 mul-

2297 4625 2406 4671 tum
2434 4630 2680 4671 sonmum
2709 4615 2894 4671 beatos
2933 4614 3226 4685 przedicare
3257 4614 3506 4671 homines
3526 4655 3541 4681 ,
3569 4615 3704 4671 nihil
3741 4616 3891 4672 aliud

2295 4716 2378 4763 est
2398 4747 2414 4773 ,
2444 4721 2602 4777 quam
2642 4721 2767 4777 erga
2796 4707 2915 4761 illos
2941 4713 2999 4760 ut
3028 4720 3151 4776 erga
3193 4704 3344 4760 bruta
3371 4706 3622 4760 animalia
3665 4706 3893 4763 allectos

2294 4813 2434 4855 esse.
2461 4799 2592 4854 Nam
2617 4807 2673 4855 et
2700 4797 2817 4854 hrec
2843 4807 2925 4855 est
2953 4799 3170 4855 illorum
3200 4797 3460 4866 felicitas;
3489 4799 3599 4855 imo
3637 4797 3692 4855 id
3720 4803 3889 4858 etiam

2297 4890 2350 4947 in
2391 4891 2560 4947 brutis
2597 4891 2796 4947 malum
2830 4902 2947 4958 est;
2975 4890 3129 4946 multi
3158 4890 3355 4961 quippe
3381 4891 3518 4946 asini
3542 4900 3598 4945 et
3621 4892 3746 4962 equi
3778 4893 3892 4948 otio

2297 4993 2351 5040 et
2392 4983 2658 5040 edacitate
2705 4983 3000 5054 perierunt.
3027 4981 3178 5050 Quod
3221 4983 3266 5037 si
3305 4982 3511 5050 brutis,
3551 4981 3748 5054 quibus
3780 4994 3889 5038 tota

2300 5077 2468 5132 virtus
2497 5077 2550 5131 in
2578 5076 2718 5131 bona
2747 5076 2992 5144 corporis
3018 5073 3330 5129 habitudine
3354 5075 3456 5129 sita
3485 5083 3608 5139 est,
3639 5074 3694 5129 id
3721 5089 3893 5130 nocu-

2297 5182 2480 5226 mento
2504 5177 2592 5225 est
2611 5211 2626 5236 ,
2653 5184 2720 5223 an
2754 5168 2807 5223 in
2836 5167 3138 5223 hominibus
3161 5209 3177 5237 ,
3206 5183 3432 5238 quorum
3459 5167 3636 5222 omnis
3660 5167 3891 5238 dignitas

2299 5263 2350 5317 in
2383 5262 2658 5318 nobilitate
2698 5261 2891 5315 anima’;
2913 5300 2927 5323 ,
2965 5259 3017 5314 id
3046 5259 3256 5315 virtutis
3293 5259 3415 5314 loco
3455 5273 3721 5331 ponemus
3743 5299 3762 5325 ,
3794 5273 3894 5312 nec

2298 5355 2663 5414 reverebimur
2687 5354 2898 5419 castum,
2921 5363 2976 5409 et
2999 5353 3190 5409 anima:
3218 5361 3418 5408 nostra:
3443 5360 3700 5423 cognatos
3728 5366 3893 5422 ange-

2299 5448 2423 5504 los?
2457 5464 2564 5504 non
2593 5446 2868 5504 erubescis
2898 5446 3068 5517 ipsam
3107 5445 3350 5516 corporis
3394 5451 3637 5498 naturam
3674 5452 3732 5497 et
3781 5444 3895 5497 for-

2301 5541 2478 5596 mam?
2521 5555 2626 5594 non
2670 5539 2815 5594 enim
2858 5537 3307 5609 quemadmodum
3351 5536 3522 5591 brutis
3567 5549 3688 5591 eam
3737 5536 3896 5590 nobis

2301 5632 2508 5690 efﬂuxit
2534 5631 2696 5698 Deus,
2725 5628 2818 5686 sed
2849 5638 2906 5684 ut
2928 5629 3154 5686 decebat
3175 5627 3308 5683 illud
3329 5670 3346 5694 ,
3375 5626 3518 5699 quod
3563 5627 3757 5682 animae
3804 5643 3897 5681 ra-

2303 5727 2486 5783 tionali
2529 5734 2585 5781 et
2639 5722 2923 5779 immortali
2970 5723 3390 5779 ministraturum
3439 5729 3570 5775 erat.
3601 5719 3712 5774 Cur
3750 5721 3900 5775 enim

2303 5818 2487 5875 bestiis
2517 5816 2765 5874 omnibus
2799 5828 2984 5870 versus
3014 5823 3206 5869 terram
3238 5811 3501 5867 demissos
3539 5809 3724 5865 oeulos
3755 5809 3899 5864 Deus
