4084 6440
175 428 275 486 751

177 540 411 612 ραᾷθμισε
436 537 530 592 καὶ
558 536 849 609 διέφθειρε,
877 535 976 609 τῆς
1004 534 1289 599 ἀσθενείας
1309 535 1409 605 τὴν
1436 530 1638 605 ἀρετὴν
1670 528 1768 584 αύ-

172 622 271 677 τοῦ
308 622 735 693 λυμαινομένης.
761 618 922 673 υῦτω
958 618 1022 692 δὴ
1055 619 1150 673 καὶ
1183 619 1364 689 ἡμεῖς,
1404 616 1533 669 ὅταν
1568 614 1769 682 ἴδωμεν

177 705 521 778 πραγμάτων
547 702 791 769 ἀταξίαν,
821 702 897 774 μὴ
919 702 1010 757 τὸν
1039 700 1173 754 Θεὸν
1196 697 1517 768 αἰτιώμεθα,
1550 697 1769 765 ἀγαπη-

174 788 293 842 τοί·
329 788 489 842 τοῦτο
520 788 628 856 γάρ
656 786 777 856 οὐχὶ
805 783 1096 856 φάρμακόν
1124 785 1270 836 ἐστιν
1294 782 1474 852 εὑρεῖν
1493 780 1571 849 τῷ
1595 778 1767 848 τραύ-

181 888 337 942 ματι.
361 869 498 927 ἀλλά
533 867 756 941 τραῦμα
779 870 1081 937 ἐπαγαγεῖν
1112 866 1410 939 τραύματι.
1436 863 1530 934 Μὴ
1550 862 1769 932 δαίμοσι

177 954 529 1024 λογιζώμεθα
559 952 655 1007 τοῦ
680 954 887 1024 κόσμου
916 952 1017 1023 τὴν
1039 951 1376 1020 οἰκονομίαν,
1403 948 1479 1020 μὴ
1505 946 1771 1018 ἀπρονόη-

176 1055 247 1092 τα
277 1035 416 1092 εἶναι
443 1036 757 1108 νομίζωμεν
797 1037 867 1090 τά
911 1035 1175 1106 παρόντα,
1216 1034 1292 1106 μὴ
1330 1029 1596 1101 γενέσεώς
1624 1044 1770 1091 τινος

176 1121 275 1173 καὶ
306 1118 648 1191 εἱμαρμένης
673 1118 961 1190 τυραννίδα
992 1117 1411 1188 ἐπιτειχίζωμεν
1439 1117 1507 1186 τῇ
1542 1110 1772 1185 προνοίᾳ

176 1203 274 1258 τοῦ
304 1202 460 1257 Θεοῦ.
494 1202 679 1257 Ταῦτα
720 1201 829 1273 γὰρ
874 1203 1053 1257 πάντα
1086 1200 1435 1272 βλασφημίας
1460 1198 1642 1269 γέμει,
1674 1194 1771 1249 καὶ

177 1288 216 1357 ἡ
247 1285 418 1351 δντως
462 1285 677 1356 ταραχὴ
724 1285 821 1339 καὶ
866 1285 1061 1353 ἀταξία
1107 1285 1229 1355 οὐχ).
1273 1278 1771 1351 τῶνπραγμάτων

176 1371 300 1425 ἐστὶ
331 1369 493 1441 φορὰ,
523 1367 637 1422 ἀλλ’
659 1368 688 1421 6
717 1367 860 1422 οὕτω
893 1369 1238 1440 διακείμενος
1258 1365 1546 1437 λογισμός·
1578 1363 1635 1426 ὃς
1665 1360 1773 1417 κάν

183 1451 387 1523 μυρίας
421 1449 676 1515 εὐταξίας
705 1450 975 1522 ἀπολαύῃ,
1010 1450 1116 1515 ἕως
1156 1452 1223 1521 ἂν
1265 1450 1366 1523 τὴν
1415 1445 1646 1511 ἀταξίαν
1671 1444 1771 1516 τὴν

176 1535 239 1587 ἐν
269 1533 420 1605 αὐτῷ
453 1534 546 1587 καὶ
575 1532 675 1605 τὴν
704 1536 950 1606 ταραχὴν
998 1533 1384 1606 διορθώσηται,
1415 1530 1569 1585 οὐδὲν
1618 1526 1770 1599 αὐτῷ

176 1617 282 1688 τῆς
306 1620 364 1672 tv
386 1620 499 1680 τοῖς
533 1618 857 1689 πράγμασιν
883 1617 1139 1683 εὐταξίας
1166 1618 1320 1673 ἔσται
1345 1617 1409 1670 τδ
1432 1614 1596 1669 πλέον
1614 1630 1630 1645 ο
1652 1612 1770 1668 ἀλλ’

176 1699 369 1771 ὥσπερ
409 1698 706 1771 ὀφθαλμὸς,
737 1700 909 1754 νοσῶν
950 1700 1051 1772 μὲν
1084 1702 1179 1754 καὶ
1216 1702 1275 1753 tv
1321 1697 1641 1770 μεσημϐρίᾳ
1667 1713 1772 1766 φα-

176 1784 379 1854 νοτάτη
406 1783 596 1847 σκότος
620 1784 832 1853 ὄψεται,
858 1786 954 1839 καὶ
982 1784 1146 1856 ἐτερα
1178 1782 1295 1838 ἀνθ’
1318 1782 1544 1853 ἐτέρων,
1565 1780 1661 1833 καὶ
1684 1780 1775 1834 οὐ-

174 1865 271 1921 δὲν
310 1866 463 1938 αὐτῷ
494 1870 593 1939 τῆς
622 1868 839 1932 ἀκτῖνος
869 1868 1023 1922 ἐσται
1058 1868 1239 1935 πλέον,
1268 1866 1529 1936 ὑγιαίνων
1569 1863 1628 1917 δέ
1676 1864 1772 1917 καὶ

174 1950 513 2020 ἐρρωμένος,
542 1952 638 2006 καὶ
668 1954 725 2005 ἐν
749 1952 959 2024 ἑσπέρᾳ
986 1952 1277 2024 δυνήσεται
1312 1951 1376 2004 τὸ
1408 1949 1570 2019 σῶμα
1612 1963 1766 2018 χειρ-

175 2035 421 2100 αγωγεῖν
439 2035 579 2105 μετά
606 2034 925 2103 ἀσφαλείας
955 2034 1099 2089 οὕτω
1119 2034 1213 2089 καὶ
1241 2035 1270 2088 6
1292 2034 1391 2103 τῆς
1411 2031 1651 2093 διανοίας
1672 2032 1772 2101 τῆς

175 2114 457 2187 ἡμετέρας
493 2117 790 2188 ὀφθαλμὸς,
827 2118 931 2181 ἕως
978 2117 1077 2189 μὲν
1122 2117 1190 2171 ἂν
1237 2115 1551 2188 ἐρρωμένος
1576 2110 1637 2187 ᾗ,
1668 2113 1774 2167 κᾶν

174 2196 390 2252 ἀτακτα
421 2194 558 2253 εἶναι
588 2200 849 2255 δοκοῦντα
892 2202 997 2272 ἴδῃ,
1027 2200 1209 2266 καλῶς
1254 2200 1491 2269 δψεταιι
1514 2216 1527 2229 ·
1558 2198 1586 2252 ε
1599 2211 1689 2253 δαν
1715 2196 1774 2251 δέ

176 2277 596 2351 διεφθαρμένος,
628 2283 733 2337 κάν
773 2284 854 2346 είς
893 2283 1059 2339 αὐτὸν
1086 2283 1373 2355 ἀναγάγῃς
1404 2282 1494 2334 τὸν
1520 2280 1770 2345 οὐρανὸν,

174 2363 273 2414 καὶ
319 2362 428 2417 τῶν
474 2366 593 2418 ἐκεῖ
620 2367 822 2437 πολλὴν
858 2366 1086 2433 ἀταξίαν
1112 2365 1527 2436 καταγνώσεται
1556 2365 1653 2418 καὶ
1678 2380 1775 2418 τα-

176 2446 375 2517 ραχήν.
410 2448 521 2503 Καὶ
548 2450 630 2503 ὅτι
661 2451 837 2503 ταῦτα
870 2450 1044 2515 οῦτως
1071 2450 1206 2523 ἔχει,
1234 2450 1405 2505 πολλά
1432 2467 1515 2503 σοι
1532 2448 1643 2503 τῶν
1666 2448 1773 2503 πά-

174 2527 267 2582 λαι
312 2530 408 2583 καὶ
457 2532 565 2587 τῶν
608 2535 691 2602 ἐφ’
715 2533 875 2605 ήμῶν
921 2534 1111 2588 τούτου
1158 2534 1558 2589 κατασκευάσω
1594 2550 1775 2606 παρα-

174 2610 466 2682 δείγματα.
508 2615 670 2668 Πόσοι
719 2612 910 2670 πενίαν
960 2617 1217 2688 φέρουσιν
1261 2616 1523 2683 εὐκόλως,
1566 2614 1663 2670 καὶ
1695 2614 1775 2687 τῷ

175 2693 300 2765 Θεῴ
328 2695 417 2750 διὰ
441 2697 600 2752 τοῦτο
623 2699 1073 2770 εὐχαριστοῦντες
1101 2706 1163 2756 οὐ
1190 2702 1643 2773 διαλιμπάνουσι;
1675 2702 1775 2755 πό-

178 2795 259 2830 σοι
305 2778 533 2836 πλοῦτον
568 2783 661 2836 καὶ
693 2784 905 2855 τρυφὴν
941 2784 1181 2856 ἔχοντες,
1211 2786 1311 2838 οὐκ
1336 2783 1775 2856 εὐχαριστοῦσιν,

175 2861 317 2916 ἀλλά
348 2863 729 2937 βλασφημοῦσι
774 2868 864 2921 τὸν
912 2869 1225 2941 Δεσπότην;
1278 2869 1437 2923 πόσοι
1467 2870 1637 2942 μηδὲν
1670 2887 1777 2923 πα-

176 2944 367 3010 θόντες
408 2947 599 3014 δεινὸν,
636 2948 1002 3021 κατηγοροῦσι
1052 2951 1151 3022 τῆς
1202 2951 1433 3005 καθόλου
1476 2952 1774 3024 προνοίας;

179 3030 338 3083 πόσοι
391 3030 760 3104 δεσμωτήριον
809 3034 900 3087 τὸν
938 3036 1153 3089 ἅπαντα
1198 3036 1389 3106 χρόνον
1429 3037 1773 3107 οἰκήσαντες,

175 3111 289 3165 τῶν
319 3112 378 3166 tv
418 3113 574 3185 ἀδείᾳ
626 3115 721 3168 καὶ
767 3116 1035 3188 ἀσφαλείᾳ
1068 3116 1409 3188 βεϐιωκότων
1438 3119 1777 3189 εὐγνωμονέ-

180 3208 376 3268 στερον
417 3195 517 3267 τὴν
562 3198 677 3252 ἐκεῖ
706 3200 931 3271 φέρουσι
960 3201 1371 3273 ταλαιπωρίαν;
1419 3203 1593 3275 Ὁρᾷς
1624 3204 1707 3257 ὅτι
1741 3204 1776 3274 ἡ

176 3279 279 3349 τῆς
298 3278 479 3351 ψυχῆς
502 3282 855 3348 κατάστασις,
888 3284 985 3338 καὶ
1012 3287 1094 3339 ὅτι
1120 3288 1148 3339 6
1176 3288 1374 3349 οίκεῖος
1404 3287 1664 3357 λογισμὸς
1682 3288 1779 3343 καὶ

180 3363 389 3419 τούτων
423 3366 516 3420 καὶ
548 3368 771 3422 ἐκείνων
805 3369 998 3433 αἴτιος,
1037 3370 1150 3423 ἀλλ’
1173 3370 1275 3423 οὐκ
1319 3370 1459 3442 αὐτὴ
1492 3371 1601 3427 τῶν
1636 3389 1776 3443 πρα⁹

181 3446 409 3516 γμάτων
457 3449 489 3520 ἡ
534 3448 889 3519 φύσις.”Ωστε
935 3454 983 3504 εί
1032 3453 1133 3522 τῆς
1175 3453 1414 3518 διανοίας
1459 3453 1780 3524 ἐπιμέλειαν

180 3528 518 3601 ἐποιούμεθα
567 3533 670 3604 τῆς
714 3535 1009 3607 ἡμετέρας,
1054 3537 1155 3591 οὐκ
1194 3532 1264 3610 ἦν
1310 3537 1546 3611 ταραχὴ,
1581 3540 1683 3593 οὐκ
1711 3535 1781 3610 ἦν

182 3613 405 3680 ἀταξία,
438 3613 591 3688 [754]
617 3616 719 3671 οὐκ
758 3614 828 3689 ἦν
866 3620 975 3673 τῶν
1003 3621 1192 3675 δεινῶν
1221 3623 1396 3687 οὐδὲν,
1432 3625 1481 3676 εί
1508 3624 1604 3677 καὶ
1630 3624 1783 3698 εὑρί-

183 3713 287 3757 που
319 3699 521 3763 παντὸς
547 3699 925 3774 χαλεπώτερον
948 3703 1062 3758 ἀνω
1089 3706 1183 3759 καὶ
1210 3706 1363 3761 κάτω
1384 3707 1453 3763 τά
1478 3708 1784 3780 πράγματα

182 3781 284 3852 τῆς
313 3782 852 3855 ἠμετέραςέφέρετο
881 3786 1047 3859 ζωῆς.
1078 3788 1180 3843 Διά
1227 3790 1279 3844 τί
1327 3791 1458 3863 γάρ,
1504 3793 1626 3845 είπέ
1668 3810 1779 3863 μοι,

187 3863 405 3928 Παῦλος
436 3866 783 3938 εὐχαριστεῖ;
817 3870 1009 3924 Καίτοι
1038 3871 1148 3926 τῶν
1194 3872 1393 3945 ἄριστα
1435 3874 1781 3944 βεϐιωκότων

184 3948 326 4015 ἐστὶ,
356 3948 467 4003 τῶν
490 3953 555 4022 τῇ
579 3953 748 4023 ἀρετῇ
782 3954 1158 4025 συνεζηκότων
1190 3956 1283 4011 τὸν
1314 3958 1532 4012 ἅπαντα
1562 3960 1779 4029 χρόνον,

182 4032 294 4085 τῶν
324 4033 523 4104 ἥκιστα
552 4036 791 4090 τοσαῦτα
822 4038 1103 4092 παθόντων
1126 4038 1276 4094 δεινά
1297 4057 1309 4069 ·
1347 4041 1525 4104 οὐδεὶς
1554 4041 1680 4096 οὕτε
1705 4044 1785 4097 δι-

185 4117 473 4190 καιότερος
506 4119 717 4173 ἐκείνου
751 4120 939 4189 γέγονε
982 4123 1092 4175 τῶν
1139 4123 1229 4191 ὐφ’
1250 4123 1389 4194 ἡλίῳ
1422 4125 1641 4179 πάντων
1690 4128 1785 4181 ἀν-

185 4198 441 4270 θρώπων,
467 4203 591 4256 οὐτε
625 4203 985 4276 χαλεπώτερα
1012 4206 1222 4259 ἐκείνου
1251 4206 1486 4261 πέπονθε
1508 4209 1616 4263 τῶν
1642 4210 1703 4277 ἐξ
1721 4204 1783 4265 οῦ

184 4284 475 4352 γεγόνασιν
500 4286 800 4358 ἀνθρωττοι.
817 4288 958 4341 Ἀλλ’
979 4291 1129 4360 ὅμως
1155 4290 1297 4361 ὀρῶν
1326 4292 1555 4357 πολλοὺς
1589 4295 1648 4347 ἐν
1682 4313 1783 4350 πο-

182 4384 250 4436 νη
260 4367 351 4439 ρίᾳ
389 4368 620 4435 ζῶντας,
649 4372 742 4425 καὶ
768 4372 1207 4445 εὐθυμουμένους
1225 4377 1272 4442 δ,
1305 4376 1402 4430 καὶ
1430 4378 1538 4431 τῶν
1573 4381 1783 4452 παρόν·

182 4470 295 4504 των
326 4456 624 4525 χρημάτων
652 4456 1045 4522 ἀπολαύοντας,
1072 4460 1390 4529 εὐχαριστεῖ
1422 4461 1498 4533 τῷ
1530 4462 1652 4535 Θεῷ
1688 4465 1785 4519 καὶ

182 4538 371 4601 αὐτός,
402 4539 497 4591 καὶ
520 4542 631 4603 τοῖς
660 4539 840 4604 ἀλλοις
861 4542 996 4593 πᾶσι
1024 4542 1259 4613 παρῄνει
1278 4542 1458 4599 τοῦτο.
1478 4547 1622 4617 Πρὸς
1642 4550 1785 4603 ἐκεῖ·

182 4639 276 4675 νον
304 4620 548 4691 βλέπετε.
579 4624 689 4677 Καὶ
719 4625 785 4678 σύ
810 4625 939 4678 ὅταν
968 4625 1084 4698 ἴδῃς
1117 4626 1210 4681 τὸν
1247 4627 1483 4697 πονηρὸν
1517 4629 1785 4702 εὐθυμοῦ-

187 4722 370 4777 μενον,
404 4708 530 4760 ὅταν
566 4708 681 4781 ἴδῃς
701 4708 1081 4779 ἐπαιρόμενον,
1116 4710 1246 4763 ὅταν
1270 4708 1387 4781 ἴδῃς
1415 4711 1628 4785 ἐχθρῶν
1648 4731 1785 4785 κρα-

181 4789 381 4843 τοῦντα
408 4832 421 4855 ,
473 4794 599 4857 τοὺς
656 4792 1033 4863 λελυπηκότας
1084 4792 1462 4863 ἀμυνόμενον,
1512 4796 1783 4867 μηδεμίαν

183 4874 497 4927 ὑποστάντα
550 4876 775 4946 ζημίαν,
814 4875 1153 4946 πανταχόθεν
1200 4876 1351 4947 αὐτῷ
1398 4877 1468 4933 τά
1522 4882 1783 4951 χρήματα

182 4959 533 5028 ἐπιρρέοντα,
559 4962 766 5023 πάντας
784 4960 1059 5031 τιμῶντας
1082 4960 1175 5013 καὶ
1205 4959 1621 5027 κολακεύοντας,
1650 4980 1784 5021 σαν-

178 5042 276 5096 τὸν
310 5042 368 5095 δὲ
401 5044 459 5095 ἐν
497 5046 607 5107 τοῖς
640 5043 904 5107 ἐναντίοις
943 5048 1129 5106 πᾶσιν,
1178 5046 1236 5097 ἐν
1277 5044 1585 5115 ὲπηρείαις,
1616 5064 1782 5103 συκῖ-

183 5125 461 5193 φαντξαις,
488 5125 822 5191 ἐπιϐουλαῖς,
856 5126 930 5197 μὴ
960 5127 1189 5198 νομίσῃς
1221 5122 1362 5181 εἶναι
1380 5128 1489 5182 τῶν
1511 5132 1784 5204 ἐπερριμ-

185 5210 386 5277 μένων,
426 5208 541 5261 ἀλλ’
565 5210 645 5272 είς
675 5209 890 5263 Παῦλον
923 5209 1047 5263 ίδὼν
1080 5211 1173 5263 τὸν
1201 5210 1300 5282 τῆς
1335 5212 1436 5283 σῆς
1464 5211 1593 5267 ὄντα
1621 5216 1783 5287 μερί-

180 5293 291 5354 δος,
328 5291 560 5363 ἀνάϐηθι
588 5291 683 5363 τὴν
705 5291 964 5354 διάνοιαν,
992 5293 1298 5365 ἀνάκτησαι
1317 5295 1443 5358 τοὺς
1464 5295 1779 5369 λογισμοὺς,

186 5376 261 5444 μὴ
294 5376 613 5448 καταπέσῃς
645 5376 750 5429 ὐπὸ
790 5376 888 5447 τῆς
937 5376 1199 5445 ἀθυμίας,
1234 5378 1337 5430 Τὸν
1368 5378 1522 5448 φίλον
1549 5381 1629 5452 τῷ
1662 5382 1781 5455 Θεῷ

185 5458 279 5511 καὶ
309 5458 401 5511 τὸν
429 5459 687 5528 πολέμιον
717 5459 792 5530 μὴ
819 5459 929 5513 ἀπὸ
947 5459 1048 5529 τῆς
1076 5461 1384 5531 εὐπραγίας
1412 5464 1507 5516 καὶ
1536 5463 1781 5537 δυσπραο

185 5543 312 5609 γίας
352 5542 454 5613 τῆς
484 5541 721 5597 ἐνταῦθα
745 5542 1028 5612 δοκίμαζε,
1063 5543 1198 5597 ἀλλά
1230 5544 1295 5598 ἂν
1328 5546 1427 5616 μὲν
1454 5546 1571 5620 ἴδῃς
1602 5548 1781 5619 ὀρθῶς

184 5625 385 5691 ζῶντα,
409 5626 505 5679 καὶ
533 5626 673 5696 νόσῳ
702 5628 1047 5698 κενούμενον,
1075 5628 1169 5681 καὶ
1192 5629 1329 5699 πρὸς
1355 5630 1637 5685 εὐσέϐειαν
1661 5632 1779 5703 βλέ-

184 5727 378 5774 ποντα,
410 5709 683 5783 μακάριζε
712 5712 807 5765 καὶ
839 5712 1082 5784 ζηλωτὸν
1111 5708 1251 5768 εἶναι
1277 5714 1487 5785 νόμιζε,
1520 5716 1626 5770 κᾶν
1672 5737 1776 5789 μυ-

188 5793 309 5866 ρίας
348 5795 565 5859 ἁλύσεις
600 5797 941 5868 περικέηιαι,
971 5798 1065 5851 καὶ
1097 5798 1470 5871 δεσμωτήριον
1505 5802 1627 5873 οξκῇ
1658 5802 1774 5857 δια-

249 5899 277 5968 ς
304 5895 443 5968 ξομ-ιι.
471 5898 598 5968 ιελά
620 5898 803 5968 cyma.

250 5948 279 5991 ι’
300 5956 432 6007 Colb.
467 5948 797 6020 εὐθυμοῦντας.

515 6030 782 6094 Ριτιιοι..
831 6034 946 6095 Gn.
998 6031 1067 6096 L.

1283 421 1374 479 DE
1412 419 1596 477 FATO
1636 417 1725 474 ET
1763 414 2250 473 PROVIDENTIA.
2283 414 2322 468 Ι.

3370 403 3476 459 75‘!

1876 528 2099 592 παντὸς,
2130 527 2234 581 κάν
2259 523 2496 590 ἀναξίοις
2530 519 2778 593 δουλεύῃ,
2805 518 2910 573 κάν
2941 515 3188 587 πένηται,
3226 514 3330 568 κάν
3379 516 3478 587 μέ-

1878 611 2052 666 ταλλα
2077 611 2400 684 ἐργάζηται,
2431 607 2536 662 κᾶν
2563 604 2742 660 ὁτιοῦν
2779 604 2966 674 πάσχῃ
2986 601 3177 655 δεινόν.
3194 599 3479 673 Μακάριος

1876 695 1985 767 γὰρ
2014 687 2170 759 οὗτός
2200 696 2340 756 ἐστι,
2372 691 2481 746 κᾶν
2519 689 2914 761 ἐξορύγηταιθ,
2942 686 3048 739 κᾶν
3086 684 3334 754 καίηται.
3376 684 3480 739 κᾶν

1878 777 2021 832 κατὰ
2052 777 2246 849 μικρὸν
2278 776 2584 830 δαπανᾶται
2629 774 2692 826 τὸ
2727 771 3019 842 σῶμα.“Αν
3054 768 3112 822 δὲ
3148 768 3265 839 ἴδῃς
3290 768 3479 840 ἕτερον

1876 862 1935 915 ἐν
1975 860 2235 931 ἀσελγείᾳ
2283 858 2381 913 καὶ
2425 856 2684 927 πονηρίᾳ,
2720 855 2815 908 καί⁸
2856 855 2970 916 τοῖς
3001 852 3254 923 ἐσχάτοις
3297 850 3477 915 ζῶντα

1877 947 2089 1009 κακοῖς,
2118 944 2213 998 καὶ
2238 942 2440 1013 πολλῆς
2469 938 2811 995 ἀπολαύοντα
2834 937 3024 1008 τιμῆς,
3055 937 3150 989 ἐπὶ
3170 936 3263 990 τὸν
3288 935 3478 1007 θρόνον

1878 1026 2043 1081 αὐτὸν
2070 1025 2433 1081 ἀναϐαίνοντα
2463 1025 2557 1077 τὸν
2588 1022 2888 1093 βασιλικὸν,
2925 1022 3019 1075 καὶ
3042 1019 3283 1091 διάδημα
3314 1036 3475 1091 περι-

1879 1112 2155 1182 κείμενον,
2188 1112 2282 1165 καὶ
2314 1110 2612 1183 ἁλουργίδα
2656 1108 2872 1179 ἔχοντα,
2906 1106 3124 1174 καὶτῆς
3153 1104 3480 1175 οἰκουμένης

1879 1197 2103 1265 ἀπάσης
2121 1194 2450 1267 κρατοῦντα,
2471 1194 2740 1265 δάκρυσον
2761 1191 2857 1245 καὶ
2874 1190 2964 1244 διὰ
2982 1187 3142 1243 τοῦτο
3173 1187 3266 1241 τὸν
3296 1187 3479 1241 τοιοῦ-

1877 1298 1992 1343 τον,
2021 1280 2116 1334 καὶ
2149 1278 2425 1344 ταλάνιζε.
2450 1279 2620 1332 Οὐδὲν
2661 1276 2767 1349 γὰρ
2808 1275 2977 1338 ὅντως
3016 1272 3346 1343 ἀθλιώτερον
3378 1271 3479 1342 τῆς

1877 1362 2022 1416 οῦτω
2048 1362 2402 1434 διακειμένης
2426 1360 2630 1432 ψυχῆς.
2662 1360 2767 1414 κᾶν
2807 1359 2989 1412 πᾶσαν
3029 1355 3480 1425 ὐποτεταγμένην

1879 1445 1980 1519 ἔχῃ
2010 1444 2110 1517 τὴν
2136 1444 2483 1516 οἰκουμένην·
2510 1443 2576 1497 Τί
2609 1442 2718 1513 γὰρ
2746 1440 2940 1511 ὅφίλος
2967 1443 3025 1493 ὲν
3048 1441 3295 1512 χρήμασι
3317 1436 3484 1519 πλουο)

1877 1515 2011 1594 τεῖν,
2045 1515 2175 1583 ὅταν
2195 1528 2339 1583 κατά
2362 1528 2464 1600 τὴν
2498 1527 2702 1600 ἀρετὴν
2728 1526 2950 1579 πάντων
2976 1522 3304 1593 πενέστερος
3331 1515 3398 1594 ᾗ;
3427 1518 3486 1574 τί

1876 1611 1934 1665 δὲ
1969 1612 2160 1685 κέρδος
2207 1611 2479 1666 τοσούτων
2525 1612 2772 1681 κρατεῖν,
2807 1610 2934 1663 ὅταν
2980 1606 3179 1661 ἐαυτοῦ
3232 1605 3327 1659 καὶ
3371 1604 3483 1657 τῶν

1879 1694 2075 1748 ἐαυτοῦ
2129 1695 2319 1749 παθῶν
2377 1694 2455 1766 μὴ
2504 1692 2731 1763 δύνηται
2782 1687 3203 1763 περιγενέσθαι;
3246 1687 3388 1741 Ἀλλ’
3416 1686 3483 1740 ἀν

1882 1776 1981 1848 μὲν
2010 1778 2172 1848 σῶμα
2192 1777 2393 1849 ἴδωμεν
2424 1778 2611 1840 κακῶς
2641 1776 2985 1846 διακείμενον
3007 1774 3100 1827 καὶ
3122 1772 3480 1844 πυρέττοντα,

1878 1860 1911 1928 ἦ
1962 1858 2247 1933 ποδαλγίᾳ,
2279 1860 2315 1932 ἢ
2351 1860 2489 1932 φθόῃ
2540 1858 2731 1930 τινὶ,ἢ
2777 1860 2951 1929 ἐτέρῳ
3005 1856 3293 1928 ἀνηκέστῳ
3321 1854 3485 1909 πάθει

1880 1941 2451 2014 προκατειλημμένον,
2482 1941 2817 2015 δακρύομεν,
2855 1941 2960 1995 κάν
2990 1941 3210 1996 πάντων
3238 1937 3487 2010 εὐπορῶ⁶

1877 2042 2038 2097 τερος
2069 2022 2125 2099 ᾖ,
2156 2028 2253 2079 καὶ
2280 2025 2521 2098 τοσούτῳ
2556 2025 2780 2097 μᾶλλον,
2815 2026 3036 2096 ὅσῳπερ
3079 2023 3147 2078 ἀν
3176 2023 3486 2095 εὐπορώτε-

1884 2106 2049 2184 ρος
2065 2111 2131 2167 Ἦ
2152 2110 2264 2181 γάρ
2288 2110 2545 2183 αίσθησις
2563 2110 2871 2183 δριμυτέρα
2899 2108 3113 2179 γίνεται
3137 2108 3246 2162 τῶν
3270 2107 3483 2169 δεινῶν,

1879 2193 2009 2246 ὅταν
2054 2194 2113 2246 ἐν
2156 2193 2392 2265 ἀφθονίᾳ
2432 2211 2517 2257 τις
2545 2194 2654 2248 τῶν
2686 2193 3003 2262 ἀναγκαίων
3047 2188 3191 2266 '0
3235 2190 3334 2261 μὲν
3376 2188 3487 2261 γάρ

1880 2276 2037 2349 παρὰ
2080 2277 2272 2331 πενίαν
2306 2276 2651 2349 κωλυόμενος
2687 2277 2789 2348 τῆς
2828 2275 3207 2339 ἀπολαύσεως,
3244 2273 3358 2344 ἔχει
3387 2272 3487 2343 τὴν

1879 2360 2128 2434 ἀνάγκην
2149 2361 2501 2434 παραμυθίαν
2518 2381 2530 2393 ·
2553 2363 2583 2415 6
2601 2361 2658 2415 δέ
2677 2361 2867 2434 κύριος
2884 2358 2960 2415 ὣν
2984 2360 3134 2433 πάσῃ
3158 2357 3485 2430 κεχρῆσθαι,

1880 2446 1975 2500 καὶ
2001 2445 2345 2517 κωλυόμενος
2371 2445 2477 2501 ὐπὸ
2496 2446 2596 2517 τῆς
2620 2446 2958 2518 ἀρρωστίας,
2976 2443 3128 2515 αὐτῷ
3148 2443 3323 2514 τούτῳ
3350 2442 3489 2514 μᾶλ-

1880 2529 1972 2583 λον
2004 2530 2373 2601 ἐμπίπραται.
2396 2530 2521 2594 Πῶς
2538 2525 2633 2584 οῦν
2656 2531 2761 2583 οὐκ
2786 2529 2988 2583 ἄτοπον
3012 2530 3063 2582 εί
3090 2528 3191 2599 μὲν
3218 2528 3490 2597 νοσήματι

1883 2615 2185 2686 σωματικῷ
2209 2614 2755 2687 προκατειλημμένον
2786 2615 2993 2686 ίδοιμέν
3015 2630 3159 2677 τινα,
3178 2611 3490 2676 ταλανίζειν
3556 2660 3559 2663 λ

1880 2699 2068 2765 αὐτὸν,
2100 2698 2204 2753 κᾶν
2230 2696 2465 2769 εθπορος
2490 2696 2547 2773 ᾖ,
2574 2699 2755 2771 ψυχῆς
2794 2698 2851 2752 δὲ
2886 2697 3076 2763 κακῶς
3105 2696 3485 2767 διακειμένης.

1882 2782 2084 2853 ψυχῆς,
2118 2777 2187 2855 ἧς
2218 2784 2352 2854 ἡμῖν
2381 2784 2496 2837 ῐσον
2519 2783 2672 2837 οὐδὲν
2708 2782 2829 2837 οὐδὲ
2860 2781 3209 2854 τιμιὼτερον,
3246 2782 3491 2854 μακαρί-

1881 2866 1998 2931 ζειν
2031 2867 2100 2921 δι’
2120 2866 2277 2936 ὀλίγα
2312 2869 2595 2940 χρήματα,
2623 2867 2657 2939 ἢ
2712 2866 2800 2922 διά
2850 2868 3189 2940 πρόσκαιρον
3233 2867 3423 2937 τιμὴν,
3454 2867 3488 2936 ἢ

1880 2950 1949 3005 δι’
1970 2950 2098 3006 ἄλλο
2142 2952 2252 3005 τῶν
2282 2951 2537 3007 ἐνταῦθα
2582 2952 2855 3023 μενόντων
2897 2951 2997 3005 καὶ
3044 2950 3183 3022 μετά
3212 2951 3313 3021 τῆς
3343 2950 3491 3020 ζωῆς

1883 3033 2037 3107 [755]
2067 3034 2294 3105 ταύτης,
2332 3036 2536 3106 μᾶλλον
2561 3035 2620 3089 δὲ
2652 3034 2916 3098 πολλάκις
2944 3035 3040 3088 καὶ
3071 3032 3180 3105 πρὸ
3203 3034 3301 3105 τῆς
3322 3034 3488 3103 ζωῆς,

1879 3120 2030 3189 ἡμᾶς
2074 3118 2598 3189 ἀπολιμπανόντωνς
2654 3119 2768 3191 Μὴ,
2804 3118 3135 3190 παρακαλῶ.
3168 3118 3355 3171 Ταῦτα
3390 3119 3492 3186 τῆς

1880 3201 2128 3273 ταραχῆς
2175 3203 2311 3272 ἡμῖν
2352 3201 2526 3260 αίτια.
2552 3199 2726 3256 ταῦτα
2763 3200 3019 3273 θορύϐου.
3053 3202 3154 3255 Διά
3194 3202 3357 3256 τοῦτο
3395 3201 3491 3255 τοῦ

1882 3284 2017 3337 Θεοῦ
2083 3283 2455 3356 κατηγοροῦσι
2504 3284 2691 3337 πολλοὶ
2712 3325 2729 3352 ,
2779 3284 2869 3337 διά
2924 3283 3085 3338 τοῦτο
3134 3284 3226 3339 τὸν
3285 3285 3493 3357 κόσμον

1883 3369 2219 3441 ἀπρονόητον
2243 3365 2577 3440 νομίζουσιν.
2596 3368 2685 3431 '0;
2710 3368 2761 3421 εί
2782 3368 2982 3441 ⁴ᾔδεσαν
3005 3369 3087 3422 ὅτι
3110 3369 3261 3422 οὐδὲν
3288 3369 3492 3438 ἀγαθὸν

1884 3452 1945 3504 ἐν
1973 3451 2052 3523 τῷ
2081 3451 2312 3523 παρόντι
2347 3451 2468 3521 βίῳ,
2498 3450 2669 3523 ἀλλ’ἢ
2702 3452 2874 3523 ἀρετὴ
2924 3452 3109 3523 μόνον,
3138 3453 3202 3505 οὐ
3236 3452 3488 3517 πλοῦτος,

1884 3536 1947 3588 οὐ
1981 3537 2263 3609 χρήματα,
2299 3536 2398 3605 οὐχ
2427 3535 2634 3603 ὐγίεια,
2662 3535 2723 3588 οὐ
2768 3535 3081 3603 δυναστεία,
3112 3538 3212 3590 οὐκ
3243 3536 3373 3591 ἀλλο
3398 3538 3492 3595 οὺ-

1884 3621 1994 3685 δέν,
2026 3616 2122 3675 καὶ
2162 3621 2241 3683 ὼς
2284 3620 2440 3674 οὐδὲν
2470 3620 2640 3674 κακὸν
2670 3622 2729 3675 ἐν
2769 3620 2848 3691 τῷ
2893 3622 3123 3693 παρόντι
3156 3621 3279 3693 βίῳ,
3311 3622 3429 3676 ἀλλ’
3456 3622 3491 3694 ἦ

1887 3704 2058 3759 κακία
2096 3705 2259 3776 μόνον
2303 3704 2401 3759 καὶ
2434 3704 2673 3776 πονηρία
2721 3705 2814 3759 καὶ
2860 3704 3164 3776 διαστροφὴ
3190 3706 3390 3776 ψυχῆς,
3428 3709 3491 3759 οὐ

1888 3788 2050 3841 πενία
2086 3787 2182 3843 καὶ
2207 3788 2382 3851 νόσος,
2412 3787 2507 3841 καὶ
2552 3788 2809 3859 ἐπήρεια,
2852 3787 2948 3840 καὶ
2990 3788 3370 3857 συκοφαντίαι,
3399 3788 3498 3844 καὶ

1885 3871 1957 3925 τά
1988 3870 2145 3934 ἀλλα,
2174 3870 2211 3924 ἀ
2234 3870 2519 3942 νομίζεται
2548 3864 2691 3923 εἶναι
2723 3869 2895 3934 δεινά,
2930 3870 3033 3925 οὐκ
3061 3871 3128 3926 ἄν
3162 3888 3294 3925 ποτε
3321 3872 3496 3929 ταῦτα

1888 3954 2239 4025 ἐφθέγξαντο,
2268 3954 2412 4027 άπερ
2450 3954 2568 4021 νῦν,
2599 3954 2701 4008 οὐκ
2730 3955 2797 4009 ἀν
2822 3971 2957 4008 ποτε
2987 3956 3044 4008 tv
3066 3954 3275 4027 ἀθυμίᾳ
3303 3957 3497 4026 διήγα-

1888 4055 2006 4107 γον,
2036 4040 2137 4092 οὐκ
2172 4038 2238 4093 ἀν
2268 4055 2401 4093 ποτε
2442 4038 2791 4110 ἐμακάρισαν
2834 4036 2930 4101 οὓς
2959 4036 3269 4103 ταλανίζειν
3300 4040 3493 4111 ἐχρῆν,

1888 4125 1989 4177 οὐκ
2013 4124 2079 4179 ἀν
2110 4139 2244 4177 ποτε
2276 4121 2600 4177 ἐταλάνισαν
2630 4120 2729 4185 οὓς
2765 4120 3097 4194 μακαρίζειν
3132 4122 3261 4188 ἐδει,
3296 4124 3398 4177 οὐκ
3428 4126 3497 4178 ἂν

1888 4207 1966 4270 ὡς
1994 4208 2123 4279 περὶ
2154 4206 2325 4261 όντων
2355 4205 2466 4259 τῶν
2502 4204 2811 4276 ἀνθρώπων
2836 4204 3121 4259 διέκειντο.
3158 4206 3232 4259 Τὸ
3264 4206 3374 4279 γάρ
3403 4209 3497 4263 ἐπὶ

1890 4290 2254 4363 πολυσαρκίᾳ,
2282 4291 2375 4343 καὶ
2399 4288 2616 4359 δαψιλεῖ
2645 4289 2842 4359 φάτνῃ,
2878 4287 2973 4343 καὶ
3002 4286 3155 4359 ὕπνῳ
3187 4289 3369 4360 πολλῷ
3392 4308 3496 4361 μα-

1890 4372 2139 4445 καρίζειν
2187 4372 2512 4445 ἀνθρώπους
2541 4371 2695 4425 οὐδὲν
2728 4370 2917 4443 ἕτερόν
2959 4372 3130 4435 ἐστιν,
3165 4372 3198 4443 ἢ
3235 4372 3313 4437 ὡς
3364 4377 3495 4446 περὶ

1889 4458 2103 4528 ἀλόγων
2148 4456 2490 4512 διακεῖσθαι·
2539 4456 2663 4511 ἐπεὶ
2697 4457 2794 4509 καὶ
2826 4455 3053 4510 ἐκείνων
3081 4456 3239 4511 τοῦτό
3270 4458 3420 4511 ἐστιν
3457 4463 3491 4528 ὴ

1890 4543 2186 4611 εὐπραγία,
2216 4541 2419 4614 μᾶλλον
2446 4542 2505 4595 δὲ
2530 4540 2628 4594 καὶ
2660 4541 2718 4594 ἐν
2746 4543 2860 4605 τοῖς
2888 4540 3108 4609 ἀλόγοις
3136 4543 3307 4596 κακία
3334 4543 3493 4596 τοῦτό

1889 4630 2028 4683 ἐστι.
2057 4627 2250 4682 Πολλοὶ
2281 4625 2413 4696 γοῦν
2450 4626 2544 4679 καὶ
2566 4624 2677 4678 ὄνοι
2701 4626 2796 4678 καὶ
2823 4626 2982 4679 ἵπποι
3006 4625 3397 4699 διεφθάρησαν,
3434 4628 3492 4680 ἐν

1889 4712 2061 4783 ἀργίᾳ
2088 4712 2183 4765 καὶ
2212 4708 2493 4779 ἀδηφαγίᾳ
2531 4707 2755 4773 ζῶντες.
2786 4704 2940 4773 Εἶτα,
2975 4710 3067 4761 ἐπὶ
3096 4708 3197 4780 μὲν
3224 4712 3332 4763 τῶν
3362 4710 3489 4764 ἀλό⁴

1888 4808 2003 4859 γων
2047 4791 2225 4855 ζώων,
2261 4785 2343 4852 οἷς
2388 4791 2423 4859 ἡ
2461 4789 2613 4841 πᾶσα
2663 4786 2834 4859 ἀρετὴ
2884 4789 2943 4843 tv
2980 4786 3165 4860 εὐεξίᾳ
3213 4787 3486 4859 σώματος,

1892 4873 2156 4946 βλαϐερὸν
2196 4872 2385 4926 τοῦτο·
2438 4869 2532 4923 ἐπὶ
2578 4869 2637 4923 δὲ
2673 4869 2781 4923 τῶν
2814 4870 3142 4942 ἀνθρώπων,
3176 4869 3257 4936 οἷς
3291 4875 3400 4928 πᾶν
3427 4874 3488 4929 τὸ

1895 4960 2059 5029 κῦρος
2088 4960 2147 5011 tv
2179 4961 2247 5028 τῇ
2272 4956 2375 5027 τῆς
2401 4955 2579 5025 ψυχῆς
2602 4954 2871 5025 εὐγενείᾳ,
2898 4954 3103 5026 ἀρετὴν
3131 4956 3290 5010 τοῦτο
3319 4957 3485 5030 θησό-

1893 5045 2055 5117 μεθα,
2086 5044 2181 5097 καὶ
2208 5044 2309 5096 οὐκ
2340 5037 2818 5111 αἰσχυνθησόμεθα
2847 5038 2939 5092 τὸν
2964 5039 3216 5111 οὐρανὸν,
3241 5042 3334 5095 καὶ
3359 5046 3486 5109 10');

1888 5129 1988 5199 τῆς
2021 5128 2202 5199 ψυχῆς
2239 5126 2397 5197 ἡμῶν
2431 5126 2715 5193 συγγενεῖς
2751 5123 3048 5191 ἀγγέλουςς
3089 5125 3189 5177 οὐκ
3228 5124 3483 5199 ἐρυθριᾷς

1888 5216 1984 5266 καὶ
2009 5212 2180 5283 αὐτὴν
2202 5210 2297 5264 τοῦ
2328 5206 2581 5279 σώματος
2604 5207 2704 5279 τὴν
2730 5204 2892 5275 φύσιν
2915 5206 3010 5259 καὶ
3040 5206 3137 5278 τὴν
3163 5207 3478 5279 διάπλασινς

1887 5299 1949 5352 οὐ
1985 5297 2095 5368 γὰρ
2125 5296 2315 5366 ὥσπερ
2341 5296 2455 5357 τοῖς
2487 5291 2723 5361 ἀλόγοις,
2764 5289 2908 5343 οὕτω
2942 5290 3037 5343 καὶ
3074 5294 3207 5362 ἡμῖν
3240 5293 3373 5347 αὐτὸ
3402 5296 3480 5349 δι,

1888 5382 2170 5436 ετύπωσεν
2221 5381 2251 5432 6
2295 5378 2451 5441 Θεὸς,
2480 5376 2595 5430 ἀλλ’
2620 5375 2696 5439 ὡς
2742 5375 2955 5445 πρέπον
2998 5370 3068 5446 ἦν
3113 5376 3305 5445 μέλλον
3333 5378 3482 5451 ψυχῇ

1886 5467 2079 5538 λογικῇ
2108 5465 2204 5520 καὶ
2234 5462 2489 5534 ἀθανάτῳ
2517 5461 2807 5515 διακονεῖν.
2851 5458 2949 5513 Διά
2994 5460 3047 5513 τί
3085 5460 3193 5531 γάρ
3235 5466 3348 5528 τοῖς
3384 5468 3483 5535 μὲν

1886 5551 2103 5619 ἀλόγοις
2131 5550 2265 5603 πᾶσι
2296 5547 2450 5600 κάτω
2484 5544 2735 5606 νεύοντας
2762 5543 2986 5615 ἐποίησε
3014 5544 3141 5607 τοὺς
3168 5544 3483 5616 ὀφθαλμοὺς

1884 5638 1913 5689 6
1949 5636 2105 5699 Θεδς,
2138 5635 2224 5687 σοὶ
2254 5633 2312 5686 δέ
2338 5630 2593 5701 καθάπερ
2620 5630 2679 5684 ἐν
2704 5628 2997 5700 ἀκροπόλει
3042 5630 3106 5700 τῇ
3138 5630 3351 5702 κεφαλῇ
3388 5634 3484 5701 φέ-

1888 5738 1998 5794 ρων
2031 5720 2229 5782 αὐτοὺς
2264 5716 2664 5786 ἐγκατέθηκεν;
2714 5715 2815 5767 οὐκ
2865 5713 3053 5785 ἐπειδὴ
3102 5716 3332 5780 ἐκείνοις
3381 5718 3483 5785 μὲν

1885 5804 2036 5856 οὐδὲν
2062 5802 2200 5871 πρὸς
2228 5801 2320 5854 τὸν
2348 5800 2577 5871 οὐρανὸν
2603 5797 2802 5855 κοινὸν.
2836 5798 2917 5851 σοὶ
2938 5796 2994 5851 δέ
3021 5797 3253 5868 μάλιστα
3275 5798 3341 5852 τὰ
3372 5801 3484 5854 ἄνω

1955 5960 1974 5988 τ
2002 5955 2138 6008 (οη).
2168 5954 2487 6019 ἐξορύττῃ-ται.

3071 6039 3149 6072 ΩἽ
