4084 6434
176 496 283 554 753

179 607 395 674 indidit,
429 605 524 662 tibi
554 619 682 662 vero
714 604 766 660 in
794 605 972 676 capite
999 620 1098 662 ceu
1142 606 1195 662 in
1241 620 1363 662 arce
1407 608 1527 662 illos
1556 606 1788 663 colloca-

179 700 294 755 vit?
337 714 527 775 nonne.
558 699 681 771 quia
712 698 817 755 illis
849 699 977 754 nihil
1018 698 1304 756 cum..c.'elo
1343 713 1666 766 commune,
1696 697 1790 752 tibi

179 806 311 846 vero
330 801 388 846 ut
409 791 640 861 superna
667 791 1135 860 contemplarcris,
1164 790 1245 845 lex
1273 805 1303 843 ει
1334 789 1444 844 Deo
1463 799 1517 844 et
1540 805 1571 844 a
1600 798 1790 845 natura

180 883 296 951 ipsa
326 881 393 935 ab
421 881 574 936 initio
616 881 787 950 posita
815 881 938 936 est?
973 880 1082 936 Cur
1125 894 1323 952 corpus
1364 889 1511 936 tuum
1551 888 1790 936 erectum

188 970 340 1035 fecit,
369 971 472 1026 illis
501 985 634 1025 vero
665 972 932 1040 pronum?
959 987 1138 1026 annon
1177 972 1367 1028 eadem
1393 972 1463 1028 de
1502 988 1666 1028 causa
1688 1014 1702 1038 ,
1730 981 1791 1027 ut

181 1075 248 1115 ex
281 1062 393 1130 ipsa
420 1060 741 1118 formatione
769 1062 1010 1118 erudiret
1038 1071 1110 1127 te,
1142 1072 1199 1115 ut
1229 1062 1357 1116 nihil
1387 1070 1674 1118 commune
1705 1062 1794 1117 ba.

185 1153 349 1208 beres
373 1167 496 1208 cum
520 1161 660 1209 terra
686 1195 702 1218 ,
735 1169 909 1223 neque
951 1154 1304 1224 prmsentibus
1349 1155 1510 1210 rebus
1548 1153 1791 1212 adhaere-

183 1245 308 1300 res?
332 1244 410 1300 Ne
439 1246 619 1317 itaque
644 1247 977 1302 nobilitatem
1003 1247 1290 1317 prodamus
1317 1257 1585 1313 nostram,
1613 1263 1791 1319 neque

183 1335 253 1389 ad
285 1335 564 1391 brutorum
607 1337 994 1407 ignobilitatem
1033 1339 1366 1403 delabamur,
1412 1356 1480 1395 ne
1525 1341 1594 1396 de
1635 1342 1792 1396 nobis

184 1425 333 1480 dicat
357 1427 525 1482 illud:
554 1427 721 1482 Homo
749 1445 864 1482 eum
891 1431 944 1483 in
974 1429 1168 1483 honore
1196 1439 1358 1496 esset,
1392 1447 1497 1485 non
1538 1433 1789 1488 intellexit

187 1515 356 1590 (Ρωι.
385 1519 474 1573 ιε.
506 1519 622 1588 2f).
656 1519 789 1574 Nam
817 1520 1024 1575 deliciis
1045 1562 1060 1585 ,
1093 1520 1324 1585 divitiis,
1357 1520 1791 1592 gloria,pra:sen-

193 1609 448 1681 tibusque
486 1611 650 1666 rebus
680 1609 991 1668 felicitatem
1019 1613 1144 1666 vita:
1170 1613 1648 1681 circumscribere,
1682 1630 1787 1671 non

1270 570 1289 586 ,
1329 494 1416 550 DF.
1448 491 1631 549 FATO
1672 491 1758 547 ΕΤ
1797 489 2284 554 PROVIDENTIA.
2325 496 2393 554 ll.

3398 506 3500 561 755

1897 618 1984 664 est
2015 609 2291 666 hominum
2334 611 2602 684 propriam
2637 614 2964 672 nobilitatem
3008 617 3500 683 considerantium,

1897 699 1992 755 sed
2023 700 2299 757 hominum
2332 704 2486 774 equis
2521 711 2578 760 et
2604 705 2771 761 asinis
2810 706 3087 761 similium.
3119 706 3315 763 Verum
3359 710 3502 765 absit

1899 799 1956 845 ut
1987 791 2122 847 tales
2149 791 2236 847 hic
2263 792 2444 849 adsint
2473 793 2527 848 in
2555 803 2743 851 sancto
2770 795 2937 851 choro
2979 810 3044 852 ac
3090 797 3300 853 theatro
3339 799 3499 867 spiri-

1900 881 2050 948 tuali,
2081 892 2460 954 conventuque
2499 884 2771 956 religioso.
2797 885 2924 943 Ideo
2968 886 3112 942 enim
3141 870 3378 957 quo‘tidie
3412 889 3500 943 di-

1897 973 2007 1028 vini
2040 973 2192 1029 verbl
2222 974 2602 1044 praedicatione
2630 975 2879 1044 fruimur,
2908 987 2964 1031 ut
2994 977 3162 1033 verbo
3187 979 3338 1047 quasi
3363 979 3499 1035 falce

1897 1067 2138 1136 prazcisis
2164 1067 2594 1139 sylvescentibus
2619 1068 2785 1124 animi
2825 1069 3029 1125 morbis
3047 1113 3064 1139 ,
3093 1069 3379 1126 fructifera:
3407 1088 3498 1127 ar-

1897 1158 2057 1214 bores
2100 1159 2306 1224 simus,
2349 1158 2690 1232 fructumque
2735 1162 3114 1232 tempestivum
3161 1161 3397 1218 feramus
3449 1164 3501 1222 in

1899 1249 2106 1320 regium
2151 1239 2406 1307 horreum
2453 1251 2832 1322 deponendum
2860 1295 2878 1321 ,
2921 1253 3011 1325 qui
3038 1253 3264 1325 gloriam
3303 1254 3502 1310 referat

1895 1341 2168 1396 communi
2203 1341 2428 1398 Domino
2453 1351 2509 1398 et
2533 1343 2727 1399 cultori
2758 1344 3060 1399 animarum
3087 1355 3414 1410 nostrarum,
3445 1356 3502 1401 et

1897 1433 2055 1490 nobis
2077 1435 2240 1490 vitam
2271 1444 2551 1504 aeternam,
2584 1451 2744 1506 quam
2770 1451 2870 1492 nos
2897 1451 3088 1492 omnes
3116 1439 3328 1509 assequi
3364 1453 3500 1493 con-

1895 1527 2094 1598 tingat,
2125 1527 2296 1598 gratia
2322 1535 2378 1584 et
2399 1527 2726 1599 benignitate
2764 1527 2980 1584 Domini
3003 1529 3170 1584 nostri
3195 1528 3322 1584 Jesu
3350 1526 3508 1582 Chri-

1896 1618 1986 1681 sti,
2006 1619 2090 1674 cui
2107 1633 2229 1674 cum
2255 1619 2414 1676 Patre
2440 1618 2706 1690 simulque
2731 1627 2920 1676 sancto
2946 1619 3170 1691 Spiritu,
3188 1618 3377 1691 gloria,
3397 1628 3502 1674 etc.

1020 1854 1180 1937 DE
1227 1854 1531 1938 FATO
1579 1853 1730 1936 ET
1783 1853 2612 1940 PROVIDENTIA.

1488 2030 2219 2070 Immunem

858 2193 1055 2235 ORATIO
1088 2193 1147 2233 11.

268 2359 516 2431 Magnum
569 2359 759 2413 crimen
789 2355 1134 2428 blasphemia;
1161 2357 1301 2412 varia
1332 2355 1659 2427 blaspltemitc
1711 2374 1798 2429 ge-

191 2467 338 2505 nerat.
368 2478 440 2490 --
464 2451 562 2516 Qui
589 2449 840 2503 inalcdicit
870 2449 1006 2519 patri
1027 2457 1117 2502 ant
1153 2447 1326 2514 matri,
1372 2459 1532 2502 morte
1555 2449 1800 2504 moriatur

197 2541 396 2614 (Exod.
422 2541 514 2596 2i.
547 2543 636 2614 l7)
664 2559 676 2594 :
706 2540 822 2596 haec
849 2541 933 2596 lex
979 2541 1032 2595 in
1063 2541 1230 2595 veteri
1255 2539 1601 2596 Testamento
1626 2542 1799 2612 posita

193 2643 336 2698 erat,
389 2631 605 2703 quando
648 2648 755 2687 non
801 2647 996 2703 magna
1030 2642 1148 2687 erat
1180 2631 1368 2701 optimi
1409 2630 1533 2687 vita:
1573 2633 1800 2688 instituti

191 2726 487 2789 accuratio,
517 2723 729 2794 quando
756 2723 971 2779 inducta
1000 2731 1084 2779 est
1120 2722 1391 2791 divinitas,
1422 2723 1638 2795 quando
1663 2739 1799 2796 puc-

193 2815 316 2869 rilia
367 2824 654 2885 praecepta,
700 2814 915 2883 quando
955 2815 1057 2881 lac,
1092 2814 1432 2885 pmdagogus,
1466 2813 1705 2880 lucerna,
1735 2815 1799 2868 ll-

192 2921 349 2977 gura,
380 2906 590 2962 umbra.
620 2906 761 2976 Quid
800 2906 910 2976 jam
939 2905 1234 2961 dixerimus
1265 2905 1333 2961 de
1377 2907 1443 2960 iis
1468 2907 1558 2977 qui
1580 2921 1723 2960 nunc
1747 2907 1800 2962 in

193 3007 441 3069 tempore
468 2999 655 3070 gratite
684 3007 736 3053 et
765 2999 818 3054 in
851 3015 1028 3056 rerum
1057 3000 1282 3055 veritate
1311 2999 1557 3055 viventes
1583 2999 1800 3069 quando

197 3101 344 3145 tanta
370 3092 673 3162 cognitione
691 3089 959 3156 fruuntur,
991 3092 1090 3161 ipsi
1114 3092 1385 3160 non-patri
1413 3100 1468 3148 et
1495 3091 1675 3159 matri,
1704 3090 1799 3148 sed

200 3184 314 3239 Deo
340 3184 711 3238 universorum
739 3184 1107 3239 maledicunt?
1133 3183 1400 3254 quodnam
1428 3183 1546 3238 illos
1572 3182 1802 3254 excipiet

192 3276 557 3348 supplicium?
599 3277 719 3346 quis
765 3276 1033 3330 cruciatus
1062 3275 1312 3345 nequitia:
1340 3283 1500 3330 tanta
1526 3289 1624 3345 par
1660 3275 1801 3329 erit?

193 3370 318 3440 quis
347 3368 540 3423 fluvius
567 3367 792 3439 igneus?
818 3367 936 3438 quis
960 3368 1159 3422 vermis
1191 3367 1530 3433 immortalis,
1561 3383 1680 3437 quze
1716 3377 1798 3424 te-

196 3460 381 3516 nebrae
408 3461 724 3526 exteriores,
753 3475 872 3530 qua
898 3459 1130 3524 vincula,
1158 3458 1276 3530 quis
1305 3458 1524 3524 stridor,
1551 3460 1672 3529 quis
1701 3458 1800 3514 lle-

198 3553 325 3607 tus?
351 3551 542 3608 Omnia
588 3561 874 3618 tormenta,
902 3567 1021 3622 qua:
1046 3551 1156 3621 jam
1196 3559 1343 3614 sunt,
1380 3558 1440 3606 et
1479 3565 1598 3621 quae
1624 3551 1801 3606 futura

196 3654 345 3711 sunt,
381 3659 489 3699 non
531 3643 800 3699 sufficient
837 3644 1030 3698 anima:
1059 3643 1136 3697 sic
1165 3641 1370 3699 affectae
1409 3651 1464 3698 et
1504 3643 1556 3697 in
1599 3649 1800 3698 tzmtam

196 3735 491 3807 nequitiam
523 3735 706 3806 lapsae.
739 3735 1094 3805 Blasphemitc
1119 3745 1298 3790 autem
1347 3736 1490 3790 modi
1533 3735 1686 3790 multi
1713 3751 1804 3790 va-

197 3828 374 3898 riique
400 3836 560 3894 sunt;
587 3843 722 3898 quos
751 3842 973 3883 necesse
999 3836 1083 3882 est
1111 3827 1270 3882 hodie
1293 3842 1484 3884 omnes
1506 3842 1800 3898 exponere,

197 3930 258 3976 ut
282 3921 338 3975 in
378 3921 582 3975 nullum
627 3935 814 3977 eorum
843 3931 1033 3990 sponte
1064 3921 1326 3986 labamur,
1365 3936 1540 3992 neque
1568 3923 1800 3978 amicum

199 4012 287 4068 vel
315 4013 587 4067 inimicum
613 4013 919 4084 quempiam
949 4014 1199 4068 similiter
1226 4014 1430 4084 lapsum
1451 4014 1801 4085 negligamus.

199 4102 416 4158 Nullum
440 4103 607 4168 enim,
639 4103 844 4158 nullum
877 4103 1058 4175 utique
1092 4111 1179 4160 est
1206 4114 1482 4174 peccatum
1519 4103 1622 4160 hoc
1647 4105 1800 4160 dete-

201 4197 338 4263 rius,
369 4196 574 4252 nullum
593 4197 830 4268 :cquale;
863 4197 958 4254 sed
976 4197 1395 4254 additamentum
1421 4197 1682 4253 malorum
1699 4207 1802 4264 est,

199 4289 345 4361 quod
388 4291 566 4344 omnia
612 4291 914 4358 confundit,
970 4291 1113 4363 quod
1161 4291 1470 4362 inexpiabili
1509 4302 1563 4348 et
1613 4293 1803 4348 intole-

200 4382 373 4435 rando
399 4382 647 4452 plectitur
672 4383 954 4453 supplicio.
983 4383 1212 4450 Quinam
1240 4394 1365 4440 sunt
1391 4386 1480 4455 qui
1507 4385 1617 4441 Deo
1640 4388 1806 4442 male-

199 4472 422 4528 dicunt?
439 4473 540 4541 Qui
566 4474 794 4545 sapienti
818 4475 936 4545 ejus
957 4475 1304 4546 providentire
1327 4475 1414 4531 fati
1435 4477 1804 4532 confusionem

202 4573 260 4619 et
302 4566 677 4621 necessitatem
727 4582 825 4622 ceu
871 4582 1082 4622 murum
1114 4574 1412 4637 opponunt.
1461 4567 1619 4624 Certe
1662 4569 1805 4640 quod

206 4654 474 4724 infideles,
506 4657 594 4726 qui
625 4657 766 4728 ligna
796 4667 852 4714 et
896 4659 1099 4728 lapides
1123 4659 1324 4715 insulse
1353 4661 1613 4716 mirantur
1631 4671 1687 4716 et
1709 4677 1806 4716 eo-

205 4747 342 4812 lunt,
377 4748 478 4803 hoc
521 4749 767 4806 laborent
796 4752 1005 4818 morbo,
1041 4751 1172 4806 nihil
1204 4753 1433 4819 mirum;
1460 4752 1603 4823 quod
1626 4766 1804 4808 autem

206 4838 265 4904 ii,
297 4839 388 4909 qui
435 4839 504 4894 ab
541 4839 644 4896 hoc
680 4855 868 4897 errore
911 4853 964 4897 et
1007 4843 1262 4898 servitute
1305 4842 1508 4898 liberati
1540 4852 1683 4912 sunt,
1714 4845 1806 4914 qui

203 4930 514 5001 cognitione
555 4931 650 4989 Dei
676 4932 873 5003 dignati
906 4944 1050 4998 sunt,
1081 4935 1232 5004 quasi
1275 4949 1342 4990 ex
1383 4949 1629 5006 regressu
1674 4952 1809 5003 quo-

208 5023 351 5093 piam
384 5024 437 5077 in
466 5023 603 5080 hanc
629 5026 939 5094 procellam,
991 5027 1041 5082 in
1080 5027 1222 5082 hunc
1251 5029 1560 5096 cogitatum,
1594 5029 1644 5083 in
1667 5028 1803 5086 hanc

203 5116 498 5170 amentiam
541 5117 866 5180 reciderunt.
908 5119 1036 5173 illud
1066 5131 1148 5172 cst
1173 5120 1566 5188 gravissimum,
1601 5121 1809 5176 multis-

199 5222 314 5276 que
364 5222 492 5263 vere
539 5209 790 5281 lacrymis
832 5211 1150 5281 ﬂetibusque
1199 5211 1419 5280 dignum
1451 5228 1466 5267 :
1494 5212 1706 5282 quando
1748 5213 1804 5278 ii,

208 5299 298 5369 qui
352 5314 412 5356 se
453 5298 725 5356 Christum
770 5302 995 5358 adorare
1037 5303 1242 5370 dicunt,
1270 5302 1358 5373 qui
1403 5305 1566 5359 tantis
1606 5304 1808 5374 dignati

211 5403 336 5446 sunt
365 5393 652 5464 mysteriis,
686 5394 896 5448 arcanis
927 5395 1113 5449 imbuti
1135 5394 1493 5465 dogmatibus,
1517 5405 1572 5450 et
1596 5397 1810 5466 sapien-

213 5481 282 5534 tia
315 5482 402 5535 illa
433 5498 552 5553 quae
585 5499 649 5538 ex
688 5485 834 5538 cmlis
881 5483 946 5539 ad
994 5499 1091 5539 nos
1120 5485 1296 5540 delata
1322 5493 1424 5550 est,
1459 5494 1579 5555 post
1605 5494 1808 5541 tantum

212 5572 496 5638 honorem,
526 5590 685 5644 quem
713 5589 740 5628 a
768 5575 879 5631 Deo
905 5585 1254 5646 acceperunt,
1285 5577 1492 5646 seipsos
1511 5577 1811 5646 prmcipites

211 5674 396 5732 agunt.
425 5671 585 5735 atque
612 5680 642 5718 a
669 5666 934 5731 libertate,
961 5682 1121 5738 quam
1151 5667 1280 5738 ipsis
1298 5667 1438 5722 Deus
1465 5667 1685 5736 largitus
1705 5678 1808 5732 est,

214 5769 273 5808 se
293 5754 577 5810 admodum
605 5755 776 5811 insani
798 5757 1076 5828 dejiciunt,
1102 5759 1539 5830 gravissimmqne
1562 5775 1620 5814 se
1646 5760 1813 5830 subji-

217 5849 363 5903 ciunt
418 5849 682 5918 servituti,
739 5851 867 5907 dum
916 5852 1240 5907 horrendam
1277 5852 1639 5924 tyrannidem,
1692 5867 1814 5921 qua:

222 5955 511 6011 numquam
541 5939 659 6010 fuit,
692 5944 926 6015 cogitatu
963 5943 1183 6015 fingunt,
1211 5953 1264 6000 ct
1299 5959 1449 6016 spem
1485 5945 1679 6001 bonam
1718 5961 1812 6001 cx-

1907 2175 2176 2242 scindunt,
2211 2191 2514 2247 nervosque
2535 2191 2724 2233 eorum
2745 2220 2758 2244 ,
2786 2176 2879 2248 qui
2920 2177 3111 2233 virtuti
3141 2177 3377 2243 student,
3407 2190 3501 2231 ex-

1903 2269 2150 2327 scindere
2176 2269 2412 2326 student.
2430 2266 2891 2338 Quemadmodum
2918 2269 2972 2326 in
2988 2270 3130 2326 bello
3150 2270 3344 2325 milites
3367 2277 3506 2325 stre-

1902 2376 2040 2417 nuos
2061 2370 2112 2417 et
2140 2363 2375 2417 animam
2406 2346 2505 2432 pro
2528 2361 2698 2432 patria
2728 2361 3004 2418 effundere
3032 2371 3259 2432 paratos.
3273 2376 3501 2417 cernens

1905 2455 2151 2510 inimicus
2171 2453 2457 2526 quispiam,
2478 2454 2570 2526 qui
2601 2469 2700 2511 nec
2724 2468 2819 2510 eos
2838 2454 2946 2509 alio
2972 2453 3135 2510 modo
3161 2453 3380 2522 laedere,
3406 2469 3506 2510 ne-

1901 2561 2006 2617 que
2025 2560 2056 2600 a
2088 2546 2268 2602 studio
2296 2561 2424 2617 erga
2453 2561 2634 2616 regem
2659 2561 2908 2615 avocare,
2938 2561 3112 2618 neque
3143 2545 3359 2602 timidos
3382 2546 3507 2602 effl-

1905 2651 2052 2704 ccre,
2087 2652 2262 2708 neque
2283 2637 2550 2693 machinis
2574 2653 2829 2710 superare
2854 2645 3048 2709 potest,
3076 2637 3184 2692 alio
3204 2638 3325 2694 illos
3348 2640 3510 2694 modo

1903 2728 2218 2799 corrumpit,
2248 2727 2582 2799 suadereque
2610 2736 2837 2784 conatur
2877 2728 3068 2785 frustra
3110 2728 3253 2796 illos,
3305 2739 3508 2786 temere

1903 2829 1957 2875 et
1980 2820 2098 2876 sine
2118 2834 2278 2874 causa
2306 2829 2511 2875 tantum
2543 2820 2818 2890 suscipere
2844 2820 3106 2886 laborem,
3134 2821 3206 2877 ita
3234 2829 3294 2876 ut
3319 2831 3510 2877 eorqu

1905 2925 2096 2965 manus
2121 2910 2382 2978 debilitet,
2409 2910 2575 2966 robur
2603 2910 2838 2982 dejiciat,
2868 2911 3032 2967 animi
3054 2911 3289 2968 studium
3315 2912 3511 2969 exstin-

1903 3009 2050 3070 guat,
2079 3007 2138 3054 ut
2159 2998 2243 3054 his
2266 2998 2517 3054 omnibus
2535 3015 2566 3054 a
2590 3000 2859 3070 pugnandi
2881 3000 3058 3056 studio
3079 3012 3307 3068 amotos,
3332 3001 3506 3056 nudos

1903 3101 1959 3146 et
1986 3091 2220 3146 inermes
2245 3090 2552 3155 advertens,
2574 3092 2783 3147 vinctos
2811 3091 3028 3147 demum
3060 3092 3113 3147 in
3140 3093 3506 3163 captivitatem

1904 3181 2135 3236 adducat
2161 3199 2174 3236 :
2203 3182 2282 3237 sic
2307 3190 2362 3237 et
2386 3181 2634 3237 diabolus
2657 3180 2802 3238 fecit.
2832 3182 2964 3238 Cum
2996 3182 3199 3239 videret
3220 3187 3507 3238 maximam

1904 3274 2053 3330 orbis
2100 3283 2305 3345 partem
2351 3275 2447 3331 Dei
2490 3276 2658 3346 gratia
2688 3277 2968 3346 gentilium
2994 3293 3231 3333 errorem
3261 3277 3508 3342 irridere,

1906 3367 2136 3438 totisque
2162 3365 2326 3421 animi
2353 3366 2556 3422 viribus
2585 3365 2809 3422 verbum
2835 3382 2977 3422 vera:
3007 3367 3283 3438 religionis
3309 3367 3507 3439 pradi-

1904 3475 2064 3530 carc;
2105 3460 2229 3516 hinc
2257 3475 2387 3517 vero
2430 3476 2683 3532 magnum
2725 3460 2938 3516 virtutis
2973 3461 3211 3516 studium
3261 3476 3504 3527 manare,

1906 3553 2245 3623 multumque
2292 3553 2546 3623 nequitia:
2571 3561 2938 3623 contemptum
2964 3568 2981 3606 :
3018 3567 3126 3608 non
3154 3569 3313 3608 ausus
3335 3553 3509 3623 palam

1905 3642 2105 3706 dicere,
2139 3641 2357 3698 Deficite
2383 3657 2413 3696 a
2442 3642 2679 3711 Christo,
2715 3643 2834 3713 ejus
2870 3642 3120 3715 dogmata
3164 3643 3401 3709 irridcte,
3433 3643 3511 3698 fa-

1905 3733 2046 3789 bulae
2073 3743 2198 3788 sunt
2233 3741 2289 3790 et
2316 3747 2550 3801 errores,
2591 3739 2708 3806 ipse
2749 3733 2998 3790 Christus
3033 3735 3308 3806 improbus
3332 3744 3388 3791 et
3426 3735 3510 3789 in-

1907 3827 2176 3884 humanus
2201 3836 2286 3883 est
2312 3845 2324 3881 :
2353 3827 2502 3882 novit
2526 3827 2668 3884 enim
2697 3842 2792 3883 eos
2828 3828 2898 3882 ita
2924 3827 3094 3898 magis
3127 3843 3158 3882 a
3184 3843 3280 3883 sua
3321 3839 3508 3900 tyran-

1907 3919 2032 3976 nide
2071 3935 2401 3987 recessuros,
2429 3929 2485 3976 et
2533 3919 2587 3974 in
2640 3921 2812 3990 majus
2863 3919 2945 3975 sui
2988 3919 3172 3975 odium
3215 3930 3498 3976 venturos.

1908 4010 2139 4080 Ideoque
2181 4027 2286 4066 non
2332 4019 2474 4066 recta
2504 4011 2586 4065 via
2618 4011 3043 4066 criminationem
3075 4009 3250 4074 offert,
3279 4011 3375 4066 sed
3405 4012 3512 4067 eir-

1905 4103 2140 4159 cuitione
2163 4119 2313 4170 usus,
2343 4103 2518 4173 impia:
2537 4102 2832 4173 disciplina:
2853 4103 3000 4158 virus
3020 4103 3322 4158 clanculum
3355 4117 3510 4173 spar-

1906 4198 2003 4268 git,
2030 4196 2211 4265 specie
2238 4195 2453 4266 quidem
2483 4197 2629 4266 ipsos
2658 4196 2710 4251 in
2742 4195 2847 4251 fide
2873 4211 3093 4251 manere
3134 4197 3338 4262 sinens,
3368 4195 3511 4250 radi-

1907 4289 2048 4343 citus
2062 4295 2240 4342 antem
2263 4287 2407 4342 illam
2423 4287 2685 4354 evellens,
2700 4286 2986 4358 omniaque
3002 4286 3242 4342 veritatis
3257 4287 3507 4357 dogmata

1908 4381 2286 4452 pessumdatus,
2316 4391 2477 4454 atque
2507 4382 2559 4437 in
2583 4383 2943 4453 obsequentes
2966 4381 3068 4436 sibi
3104 4380 3351 4436 homines
3396 4395 3510 4433 ma-

1908 4489 2068 4543 gnam
2100 4473 2384 4530 effundens
2427 4483 2614 4530 contra
2647 4475 2812 4530 Deum
2839 4474 3183 4530 calumniam.
3216 4473 3509 4542 Propterea

1909 4565 1978 4620 ab
1999 4566 2091 4621 illo
2115 4567 2214 4622 hoc
2235 4582 2500 4623 venenum
2534 4577 2589 4622 et
2616 4565 2887 4622 mortifera
2919 4564 3008 4620 fati
3040 4565 3322 4634 pharmaca
3351 4563 3512 4617 ador-

1910 4666 2031 4712 nata
2075 4668 2219 4725 sunt,
2253 4669 2309 4713 ut
2337 4659 2516 4713 omnia
2554 4673 2674 4729 qua:
2725 4659 2834 4714 dixi
2877 4657 3013 4712 clam
3055 4655 3289 4721 invehat,
3346 4663 3508 4724 utque

1908 4750 2205 4807 doctrinam
2246 4751 2510 4822 fidemque
2558 4759 2796 4809 nostram
2837 4765 3026 4804 vanam
3076 4763 3194 4805 esse
3238 4747 3507 4814 ostendat,

1911 4842 2322 4914 hominibusque
2347 4843 2568 4898 suadeat
2593 4843 2792 4897 malum
2813 4841 2881 4896 de
2909 4841 3019 4895 Deo
3061 4839 3204 4895 ferre
3224 4839 3506 4908 judicium.

1909 4933 2063 5001 Quod
2105 4934 2267 4989 etiam
2310 4934 2460 4988 initio
2484 4934 2625 4988 circa
2671 4933 2934 4987 Adamum
2981 4931 3124 4996 fecit,
3153 4930 3316 4985 Deum
3356 4927 3511 4998 quasi

1912 5024 2148 5078 invidum
2179 5025 2508 5080 criminatus.
2539 5023 2673 5080 Illud
2707 5023 2849 5086 enim
2873 5037 3011 5093 pene
3035 5021 3168 5075 dixit
3186 5020 3310 5074 dum
3341 5019 3512 5072 horta-

1912 5130 2062 5172 retur
2089 5116 2337 5172 :Sciebat
2359 5117 2520 5184 Deus,
2541 5116 2731 5187 inquit,
2754 5114 2942 5170 oculos
2962 5122 3170 5169 vestros
3194 5110 3510 5181 aperiendus

1912 5222 2054 5274 esse,
2086 5207 2290 5262 sciebat
2317 5222 2412 5265 vos
2438 5207 2591 5277 quasi
2619 5207 2751 5262 deos
2776 5205 2981 5261 futuros
3008 5218 3148 5271 esse,
3173 5202 3364 5257 invidit
3390 5201 3512 5256 huic

1913 5298 2106 5355 honori
2131 5309 2313 5355 vestro
2349 5300 2562 5369 majori.
2613 5297 2836 5353 Etiamsi
2866 5297 3010 5352 enim
3058 5295 3172 5350 luce
3203 5294 3362 5350 verba
3404 5308 3511 5346 non

1915 5392 2269 5462 subjuuxerit,
2312 5391 2501 5447 eadem
2545 5400 2720 5444 tamen
2766 5405 2834 5445 ex
2879 5387 3148 5458 prioribus
3177 5385 3513 5456 conjicienda

1918 5486 2154 5555 reliquit.
2189 5485 2268 5539 Ac
2302 5483 2424 5538 vide
2463 5483 2776 5552 nequitiam.
2820 5479 3088 5536 Subverso
3133 5478 3223 5532 Dei
3273 5477 3512 5534 decreto.

1919 5584 2199 5647 postquam
2226 5575 2434 5628 dixerat
2461 5589 2650 5644 magna
2678 5573 2784 5628 illis
2811 5572 3104 5626 obventura
3133 5569 3269 5624 bona
3296 5581 3436 5629 esse,
3469 5567 3513 5618 si

1918 5685 2026 5724 non
2067 5669 2141 5724 illi
2170 5669 2626 5739 obtemperarent,
2669 5665 2918 5720 videlicet
2956 5664 3288 5733 apertionem
3330 5660 3515 5714 oculo-

1920 5777 2057 5825 rum,
2091 5759 2450 5831 mqualitatem
2480 5775 2602 5814 cum
2639 5759 2747 5813 Deo
2767 5798 2785 5828 ,
2815 5767 2870 5812 et
2906 5757 3004 5827 ipsi
3047 5768 3310 5809 annexam
3341 5751 3516 5807 scien-

1923 5855 2077 5918 tiam;
2109 5869 2214 5908 uon
2245 5853 2456 5922 adjecit,
2488 5851 2788 5922 improbum
2817 5851 2962 5906 illum
2992 5865 3110 5905 esse
3137 5850 3225 5917 qui
3253 5847 3366 5900 hare
3389 5860 3516 5912 pro-

1925 5944 2153 6014 hiberet,
2193 5961 2259 6001 ue
2306 5945 2575 6000 videretur
2617 5943 3008 6000 ceu'iuimicus
3055 5950 3110 5997 et
3159 5938 3324 5994 hostis
3357 5931 3515 5983 λοι-ΙΝ
