4084 6430
565 446 666 507 755

570 568 772 630 facere;
804 575 894 620 seu
917 576 1195 633 personam
1222 560 1506 617 consiliarii
1534 568 1588 614 et
1607 557 1866 614 curatoris
1892 554 2144 624 suscepit,

570 669 627 713 ut
652 659 844 713 malam
889 655 1246 710 hortationem
1297 653 1545 709 redderet
1584 651 1976 720 acceptiorem;
2008 647 2149 719 quod

570 752 731 807 etiam
776 749 986 804 accidit.
1019 748 1157 818 Nihil
1200 747 1339 803 enim
1385 745 1527 799 aliud
1575 746 1656 799 his
1699 744 1855 798 dictis
1895 742 2153 812 perﬁcere

570 841 757 906 voluit,
786 840 886 895 nisi
930 851 987 893 ut
1028 838 1327 893 deﬁcerctis
1375 852 1404 891 a
1452 838 1561 891 Dco
1594 836 1910 891 conditore:
1942 832 2152 888 Invidus

569 943 653 988 est
682 933 848 998 enim,
883 932 1072 1003 inquit,
1113 940 1165 985 ct
1206 931 1373 987 livore
1416 930 1622 999 plenus,
1668 927 1915 982 maximis
1961 925 2153 982 vestris

574 1024 778 1079 imidet
814 1023 987 1078 bonis.
1011 1025 1079 1077 At
1121 1021 1237 1076 hmo
1273 1021 1432 1076 verba
1471 1019 1751 1076 manifeste
1801 1033 1905 1073 non
1939 1017 2149 1087 posuit:

571 1117 806 1187 alioquin
835 1117 980 1171 illum
1017 1115 1347 1184 suspicantes
1374 1114 1642 1169 inimicum
1686 1126 1826 1174 esse,
1858 1109 2152 1179 fugissent:

573 1207 658 1262 his
682 1223 807 1277 ergo
829 1206 1201 1278 prmtermissis
1220 1213 1272 1260 et
1293 1203 1654 1265 dissimulatis,
1680 1201 1778 1258 hoc
1801 1201 2155 1277 perniciosum

574 1298 782 1353 induxit
823 1296 1124 1351 consilium.
1172 1294 1374 1349 Eodem
1415 1307 1625 1363 quoque
1665 1291 1824 1346 modo
1869 1305 2009 1345 nunc
2047 1305 2156 1344 non

574 1389 722 1454 dicit,
757 1387 976 1443 Delicite
1006 1401 1034 1440 a
1065 1383 1295 1450 Christo,
1330 1384 1482 1455 quasi
1508 1383 1683 1438 divina
1708 1389 1972 1452 prmcepta
2003 1380 2157 1434 dam-

577 1478 751 1532 nanda
774 1485 994 1532 essent:
1027 1476 1174 1530 novit
1203 1475 1343 1529 enim
1385 1473 1485 1529 sibi
1531 1472 1807 1528 mentienti
1851 1471 2010 1525 ﬁdem
2053 1484 2158 1524 non

578 1568 875 1624 habendam
906 1567 1062 1632 fore;
1108 1566 1202 1621 sed
1235 1565 1425 1621 callide
1469 1564 1683 1620 videtur
1723 1579 1821 1618 nos
1857 1564 1909 1617 in
1948 1563 2012 1617 iis
2039 1574 2162 1616 esse

576 1660 774 1723 sinere,
805 1669 858 1714 et
884 1674 1004 1714 cum
1030 1659 1252 1713 veritate
1274 1656 1595 1722 consentire,
1628 1655 1722 1711 sed
1744 1656 1848 1709 alio
1873 1652 2034 1708 modo
2063 1667 2163 1707 nos

578 1750 776 1804 inscios
802 1750 868 1803 ab
897 1749 994 1803 hac
1022 1759 1220 1803 aeterna
1262 1747 1555 1802 hereditate
1593 1747 1735 1816 ejicit
1766 1764 1780 1801 :
1812 1744 2161 1815 quemadmo-

577 1840 704 1895 dum
730 1841 772 1893 si
795 1840 913 1909 quis
940 1854 1161 1909 puerum
1187 1840 1474 1910 ingenuum
1511 1853 1574 1892 ac
1617 1838 1866 1903 liberum,
1909 1834 2003 1889 sed
2030 1833 2164 1888 sim-

580 1931 770 2001 plicem
802 1939 854 1984 et
883 1931 1185 1998 incautum,
1231 1945 1337 1985 non
1378 1929 1590 2000 quidem
1617 1929 1834 1983 dextera
1860 1926 2160 1998 apprehem

580 2039 698 2078 sum
721 2023 896 2094 ejiciat
923 2039 988 2079 ex
1014 2023 1175 2077 domo
1198 2030 1436 2092 paterna,
1460 2022 1552 2077 sed
1578 2022 1725 2076 illum
1755 2020 1819 2075 ad
1841 2037 1904 2075 ea
1926 2019 2167 2075 facienda

583 2117 844 2182 hortetur,
874 2117 1064 2186 quibus
1093 2115 1258 2185 geStis
1284 2115 1412 2169 velit
1442 2114 1574 2168 nolit
1599 2129 1628 2168 a
1659 2113 1894 2183 paternis
1920 2114 2174 2168 omnibus

585 2208 739 2261 bouis
762 2207 988 2262 excidet.
1020 2205 1206 2276 Neque
1233 2211 1374 2260 enim
1415 2204 1531 2260 ﬁeri
1559 2206 1667 2260 ullo
1706 2205 1867 2260 modo
1889 2214 2085 2275 potest,
2113 2211 2168 2257 ut

587 2300 633 2354 is
661 2300 750 2370 qui
803 2299 908 2353 fato
957 2299 1144 2365 hmret,
1187 2299 1376 2354 czelum
1417 2307 1812 2367 consequatur;
1861 2298 1968 2352 imo
2010 2299 2169 2352 etiam

589 2391 700 2445 ﬁeri
729 2391 929 2460 nequit,
956 2399 1012 2443 ut
1035 2388 1332 2459 gehennam
1362 2398 1411 2443 et
1434 2389 1750 2458 supplicium
1771 2387 1984 2457 effugiat
2009 2405 2022 2440 :
2047 2403 2169 2441 nam

586 2481 781 2536 divinis
829 2481 1103 2550 praeceptis
1133 2480 1399 2535 contraria
1439 2480 1685 2549 imperat.
1729 2480 1866 2535 Dicit
1893 2480 2034 2534 Deus
2065 2497 2077 2533 :
2110 2479 2174 2534 Si

589 2572 863 2636 volueritis,
894 2579 940 2624 et
971 2571 1232 2624 audieritis
1268 2587 1366 2635 me,
1417 2570 1547 2623 bona
1594 2578 1741 2625 terra:
1777 2571 2084 2636 comedetis;
2129 2571 2174 2625 si

485 2683 490 2692 ·
589 2673 757 2716 autem
789 2663 1066 2725 nolueritis,
1096 2678 1184 2714 nec
1212 2660 1472 2714 audieritis
1499 2677 1598 2727 me,
1641 2661 1844 2729 gladius
1881 2677 1967 2715 uos
1991 2677 2176 2714 consu-

589 2761 709 2807 met.
759 2751 830 2806 0s
857 2753 990 2806 enim
1024 2751 1229 2807 Domini
1271 2753 1379 2808 lucc
1406 2753 1666 2822 loquutum
1705 2761 1779 2806 est
1805 2750 1955 2825 (Isai.
1986 2752 2039 2807 1.
2082 2751 2172 2806 19.

589 2843 660 2899 so
686 2845 726 2912 ).

665 2932 856 2987 Fatum
884 2950 950 2986 an
976 2933 1184 2988 liberum
1213 2934 1473 2988 arbitrium
1497 2933 1756 3004 impediat.
1774 2963 1845 2972 —
1869 2932 2026 2987 Vides
2046 2946 2177 3000 quo-

594 3021 755 3077 modo
785 3023 925 3079 Deus
947 3024 1211 3094 loquatur,
1240 3034 1293 3080 et
1314 3027 1457 3096 leges
1474 3031 1670 3094 ponat:
1701 3023 1820 3077 audi
1843 3039 1986 3078 nunc
2009 3022 2176 3078 fatum

594 3114 863 3185 quomodo
892 3116 1158 3186 loquatur,
1187 3126 1241 3171 et
1268 3117 1534 3186 quomodo
1572 3116 1870 3170 contrarias
1899 3124 2059 3186 ponat
2099 3115 2178 3170 le-

595 3223 726 3278 ges;
759 3219 811 3264 et
840 3209 988 3265 disce
1023 3210 1108 3263 illa
1132 3210 1343 3280 quidem
1370 3226 1398 3263 a
1426 3210 1606 3265 divino
1636 3209 1837 3280 Spiritu
1870 3209 2008 3264 dicta
2037 3224 2177 3274 esse,

599 3301 712 3356 haec
737 3313 912 3358 autem
945 3319 974 3357 a
1006 3303 1237 3375 maligno
1263 3303 1505 3357 daemone
1535 3302 1859 3372 iunnanique
1879 3300 2012 3356 fera.
2039 3301 2181 3356 Dixit

602 3397 761 3461 Deus,
790 3394 844 3450 Si
876 3394 1170 3460 volueritis,
1198 3404 1270 3461 et,
1299 3395 1357 3450 Si
1404 3395 1700 3459 nolueritis,
1736 3395 1788 3448 in
1819 3402 2004 3448 nostro
2033 3393 2171 3448 arhi-

600 3486 702 3541 trio
727 3495 781 3541 et
806 3486 1086 3541 voluntate
1125 3486 1430 3556 relinquens
1461 3485 1708 3540 virtutem
1756 3497 1811 3540 et
1864 3485 2178 3554 improbita-

599 3588 727 3632 tem.
759 3576 849 3633 llle
878 3593 1005 3633 vero
1027 3577 1150 3632 dicit
1181 3596 1194 3631 :
1226 3577 1378 3646 Quod
1401 3577 1506 3632 fato
1526 3578 1869 3632 cousdtutum
1892 3586 1994 3642 est,
2026 3576 2180 3631 vitari

600 3686 704 3725 non
732 3678 924 3739 potest,
949 3671 1173 3725 velimus
1200 3670 1448 3724 nolimus.
1474 3670 1613 3724 Deus
1634 3669 1792 3724 dicit:
1818 3668 1879 3723 Si
1902 3668 2179 3736 volueritis,

603 3763 736 3814 bona
777 3771 922 3815 teme
959 3760 1256 3824 comedetis;
1281 3762 1442 3814 fatum
1469 3775 1596 3815 vero
1633 3759 1761 3814 dicit
1794 3777 1807 3812 :
1835 3758 2183 3826 Quantumvis

599 3854 946 3920 voluerimus,
993 3854 1088 3908 nisi
1134 3853 1286 3908 nobis
1314 3853 1364 3908 id
1393 3853 1570 3908 datum
1601 3853 1777 3916 fuerit,
1811 3853 1951 3908 nulla
1983 3853 2184 3910 utilitas

599 3953 682 4000 cst
749 3945 850 4000 hoc
888 3945 1040 4001 velle.
1098 3946 1236 4000 Deus
1277 3945 1404 4000 dicit
1451 3963 1464 3998 :
1509 3946 1569 4000 Si
1612 3941 1876 3999 udlucritis
1931 3946 2186 3998 attendere

600 4035 760 4091 verbis
787 4039 928 4104 meis,
957 4039 1158 4110 gladius
1188 4055 1272 4093 vos
1297 4048 1586 4102 consumet;
1612 4037 1776 4092 fatum
1803 4049 1986 4093 contra
2013 4037 2142 4093 dicit
2166 4055 2180 4091 :

605 4128 660 4182 Si
690 4129 1035 4197 noluerimus,
1069 4131 1247 4185 datum
1282 4146 1411 4186 vero
1437 4131 1588 4186 nobis
1626 4131 1806 4198 fuerit,
1837 4140 2014 4187 tamen
2049 4133 2186 4187 salvi

605 4220 828 4275 erimus.
857 4221 1047 4275 Annon
1079 4224 1179 4277 hoc
1207 4222 1370 4277 fattun
1401 4221 1568 4277 dicit?
1589 4221 1722 4288 Quid
1754 4222 1852 4276 hac
1878 4238 2052 4293 pugna
2073 4223 2187 4278 cla-

603 4313 715 4367 rius
744 4311 941 4367 fuerit?
969 4314 1092 4385 quid
1124 4315 1225 4368 hoc
1269 4313 1408 4369 bello
1449 4313 1704 4383 apertius,
1749 4313 1892 4382 quod
1934 4314 2189 4369 adversus

603 4403 782 4458 divina
820 4403 1030 4474 eloquia
1076 4405 1321 4475 nequitia:
1359 4403 1608 4460 doctores
1636 4403 1905 4458 daemones
1935 4417 2190 4473 suscepe-

605 4494 774 4549 runt?
813 4493 918 4549 Sed
950 4505 1004 4548 ut
1027 4496 1136 4564 jam
1166 4495 1293 4561 dixi,
1325 4496 1467 4566 quod
1511 4495 1802 4561 dtemones,
1845 4504 1900 4551 et
1945 4496 2189 4553 homines

606 4584 942 4640 dmmonibus
971 4600 1147 4656 pares,
1188 4601 1377 4656 nempe
1403 4585 1596 4652 Grmci,
1630 4585 1712 4640 his
1743 4587 1898 4641 iidem
1937 4586 2186 4652 habeant,

607 4677 739 4731 nihil
766 4678 990 4743 mirum;
1031 4677 1168 4747 quod
1190 4686 1366 4732 autem
1396 4693 1490 4732 vos
1520 4686 1625 4732 tam
1650 4677 1844 4732 divina:
1868 4688 1921 4732 et
1945 4678 2190 4733 salutaris

613 4767 870 4822 doctrina:
909 4768 1212 4837 participes,
1243 4768 1358 4823 htcc
1382 4768 1702 4838 despiciatis,
1731 4769 1864 4824 etad
1885 4770 1972 4824 illa
1999 4770 2188 4824 absur-

607 4859 826 4912 dissima
849 4868 1148 4914 commenta
1171 4860 1363 4914 anima:
1387 4860 1682 4929 perniciosa
1702 4860 2039 4930 confugiatis,
2064 4860 2191 4916 illud

610 4950 765 5020 longe
791 4949 1159 5020 gravissimum
1186 4959 1286 5006 est.
1317 4952 1452 5018 Quid
1480 4953 1612 5006 enim
1641 4953 1764 5006 mihi
1795 4961 2022 5007 exlemos
2037 4953 2190 5021 judi-

610 5056 726 5093 care
749 5039 823 5110 (1.
851 5038 967 5095 Cor.
997 5042 1050 5096 5.
1081 5041 1170 5110 12)
1193 5042 1216 5094 ?
1240 5042 1364 5097 Mihi
1395 5042 1534 5114 apud
1577 5057 1674 5098 vos
1705 5057 1884 5100 sermo
1905 5051 2004 5109 est,
2033 5061 2196 5102 mem-

612 5134 704 5186 bra
732 5133 947 5198 Christi,
981 5131 1075 5190 ﬁlii
1120 5136 1394 5203 Ecclesiae,
1423 5137 1513 5208 qui
1544 5137 1594 5192 iu
1637 5146 1853 5209 paterna
1882 5139 2043 5196 domo
2067 5155 2194 5196 cru-

611 5225 706 5278 diti
737 5227 886 5292 estis,
916 5235 970 5282 et
1011 5227 1310 5284 caelestibus
1348 5228 1638 5300 disciplinis
1681 5231 1890 5295 imbuti,
1919 5232 2007 5300 qui
2048 5240 2195 5285 tanto

616 5317 820 5373 honore
864 5319 1060 5390 dignati
1093 5322 1241 5377 estis.
1283 5321 1409 5380 ldeo
1453 5338 1628 5393 gemo,
1680 5324 1802 5380 ideo
1849 5325 2115 5380 lamentor
2143 5333 2197 5379 et

616 5409 807 5476 ploro:
837 5425 958 5464 nam
1003 5411 1252 5482 lacrymis
1281 5414 1437 5484 digna
1486 5423 1608 5469 sunt
1659 5415 1791 5480 haec,
1837 5415 2051 5485 quando
2078 5415 2197 5484 quis

614 5499 666 5554 in
701 5509 912 5568 peccata
943 5501 1157 5567 decidit,
1188 5519 1305 5574 qua:
1341 5505 1494 5560 venia
1538 5505 1696 5575 digna
1733 5523 1837 5560 non
1880 5515 2004 5561 sunt
2034 5523 2048 5560 :
2079 5521 2196 5576 quae

616 5593 790 5655 venia,
833 5595 1043 5663 quando
1092 5597 1232 5651 Deus
1272 5601 1588 5655 sententiam
1639 5599 1787 5666 dicit,
1835 5610 1888 5656 et
1925 5601 2196 5656 dzcmones

616 5686 1007 5753 contradicunt,
1056 5705 1350 5761 eorumque
1388 5693 1525 5748 dicta
1570 5694 1732 5749 etiam
1766 5693 1858 5748 Dei
1889 5693 2195 5749 domesticis

621 5776 725 5831 ﬁde
752 5778 990 5849 digniora
1029 5781 1314 5838 videntur?
1351 5784 1466 5839 Non
1496 5784 1908 5853 disputationem
1939 5785 2044 5853 jam
2083 5798 2198 5838 mo-

623 5885 829 5941 ventus,
857 5872 951 5930 sed
1001 5873 1212 5934 interim
1256 5891 1464 5947 eorum,
1506 5879 1592 5947 qui
1633 5878 1761 5947 ipsis
1805 5877 2191 5947 obtemperant,

1372 443 1429 502 S.
1460 442 1737 500 JOANNIS
1773 434 2156 507 CIIRYSOST.
2189 433 2512 491 ARCIIIEP.
2553 429 3095 492 CONSTANTINOP.
3741 423 3849 478 756

2260 547 2644 620 impudentiam
2680 546 3026 604 ostendemus
3059 563 3072 598 :
3105 544 3246 599 Deus
3280 541 3411 598 dicit
3439 556 3458 595 :
3489 538 3722 610 Apposui
3762 540 3850 591 tibi

2254 645 2420 714 ignem
2447 653 2493 697 et
2521 659 2724 712 aquam,
2751 640 2904 694 vitam
2932 647 2977 693 et
2997 646 3206 691 mortem
3229 653 3243 689 :
3272 648 3588 705 quocumque
3609 630 3853 695 colueris,

2257 735 2469 790 extende
2509 749 2714 788 manum
2755 741 2893 785 tuam
2919 729 3106 799 (Eccli.
3149 728 3236 783 15.
3269 724 3390 796 l7);
3427 723 3639 779 dmnton
3675 720 3805 774 dicit
3838 735 3854 770 :

2257 823 2372 879 Non
2403 833 2486 880 est
2516 824 2568 878 in
2598 831 2651 877 te
2675 823 2836 876 situm
2863 817 3155 875 extendere
3184 831 3426 878 manum,
3473 812 3568 867 sed
3615 809 3860 865 necessi-

2259 926 2368 973 tate
2391 917 2617 987 quadam
2647 929 2709 969 ac
2735 912 2785 967 vi
2821 911 2926 966 hoc
2963 910 3157 980 agitur.
3200 907 3269 961 Et
3311 905 3426 960 hmo
3469 903 3560 957 tibi
3603 899 3859 956 videntur

2261 1007 2365 1062 ﬁde
2395 1006 2636 1077 digniora
2675 1019 2798 1059 esse
2830 1019 2844 1055 :
2873 1015 3046 1071 neque
3085 997 3289 1068 cogitas
3318 1003 3572 1066 quantum
3605 992 3676 1046 sit
3718 991 3862 1046 inter

2263 1097 2564 1169 hujusmodi
2591 1095 2927 1150 consultores
2953 1089 3312 1154 intervallum,
3336 1084 3478 1156 quod
3497 1084 3585 1139 ille
3600 1083 3673 1138 sit
3695 1082 3860 1144 Deus,

2262 1190 2349 1246 hic
2370 1204 2498 1244 vero
2527 1188 2737 1242 dzemon
2766 1202 2780 1238 :
2805 1199 2910 1239 non
2940 1182 3145 1238 consilii
3173 1177 3527 1233 differentiam
3552 1172 3860 1236 examinas,

2262 1281 2406 1352 quod
2439 1280 2568 1335 illud
2595 1279 2828 1334 salutare
2856 1277 2926 1331 sit
2947 1285 3001 1329 et
3026 1273 3092 1328 ad
3118 1272 3367 1326 virtutem
3395 1277 3575 1335 vocet,
3609 1266 3714 1320 hoc
3735 1279 3867 1320 vero

2263 1373 2605 1436 diabolicum,
2628 1369 2695 1425 ad
2718 1369 3009 1440 nequitiam
3048 1375 3102 1420 et
3142 1362 3538 1434 improbitatem
3572 1359 3816 1415 excitans
3846 1370 3862 1408 :

2263 1480 2373 1520 non
2402 1461 2730 1527 consideras,
2764 1473 3008 1529 qutenam
3040 1455 3131 1510 tibi
3161 1469 3190 1509 a
3235 1456 3366 1522 Deo,
3398 1462 3456 1509 et
3490 1466 3740 1523 quaenam
3771 1447 3868 1503 tibi

2265 1573 2295 1612 a
2321 1557 2565 1612 daemone
2585 1555 2708 1609 data
2736 1553 2843 1608 sint
2866 1570 2880 1605 :
2911 1549 3052 1622 quod
3079 1548 3169 1604 ille
3187 1547 3403 1618 quidem
3426 1547 3497 1600 ita
3520 1553 3571 1600 te
3591 1541 3867 1604 dilexerit,

2268 1661 2328 1707 ut
2354 1661 2407 1706 et
2433 1649 2627 1705 Filiqu
2655 1661 2807 1701 suum
2833 1642 3165 1712 unigenitum
3195 1655 3294 1709 pro
3319 1648 3372 1694 te
3399 1637 3572 1699 daret,
3596 1650 3705 1706 quo
3734 1631 3870 1687 nihil

2269 1743 2411 1799 Patri
2453 1739 2738 1812 pretiosius
2779 1744 2914 1798 erat,
2957 1742 3117 1803 atque
3147 1733 3307 1785 etiam
3339 1742 3481 1783 nunc
3515 1727 3585 1780 ita
3613 1733 3786 1789 amat,
3812 1733 3874 1776 ut

2272 1845 2324 1890 te
2353 1849 2445 1903 per
2474 1829 2746 1902 apostolos
2785 1842 2882 1898 pro
2918 1834 3006 1880 tua
3036 1823 3207 1877 salute
3235 1820 3572 1882 cohortetur,
3600 1825 3658 1871 et
3684 1814 3872 1870 omnia

2275 1925 2461 1990 iaciat;
2496 1924 2584 1977 ille
2613 1934 2739 1975 vero
2771 1918 2841 1972 ita
2867 1916 2990 1971 odio
3028 1912 3212 1968 habuit
3235 1919 3291 1966 et
3318 1909 3498 1972 habet,
3532 1915 3589 1962 ut
3616 1921 3714 1974 per
3747 1919 3875 1958 om-

2272 2020 2356 2073 nia
2384 2028 2435 2072 te
2479 2018 2770 2083 impugnet,
2812 2022 2984 2078 neque
3023 2004 3186 2061 modo
3229 2018 3338 2058 non
3375 2000 3469 2056 tibi
3507 1997 3709 2068 aliquid
3743 1994 3875 2050 boni

2274 2110 2490 2174 tribuat,
2518 2105 2613 2162 sed
2654 2104 2814 2160 etiam
2838 2102 2904 2156 ab
2931 2101 2994 2155 iis
3019 2114 3140 2170 quae
3181 2111 3213 2152 a
3254 2096 3367 2151 Deo
3393 2092 3654 2162 accepisti
3695 2100 3751 2144 te
3781 2104 3878 2143 ex-

2275 2201 2488 2256 turbare
2511 2206 2736 2252 conetur
2762 2212 2777 2246 :
2809 2192 2900 2248 ille
2923 2201 2974 2246 te
3000 2189 3201 2260 angelis
3230 2201 3416 2258 parem
3443 2183 3620 2239 facere
3641 2180 3874 2244 studuit,

2277 2291 2364 2345 hic
2385 2303 2511 2344 vero
2541 2285 2690 2341 humi
2729 2281 3041 2354 repentibus
3065 2289 3118 2335 te
3145 2279 3493 2348 abjectiorem
3520 2272 3722 2338 eﬁecit,
3751 2269 3880 2324 tibi-

2276 2397 2379 2452 que
2408 2378 2668 2449 persuasit
2693 2382 2754 2430 ut
2801 2374 2892 2428 illa
2921 2371 3175 2426 adorares
3202 2387 3216 2424 :
3246 2369 3335 2422 ille
3373 2368 3425 2420 in
3455 2377 3682 2433 regnum
3709 2359 3883 2414 caelo-

2276 2489 2393 2527 rum
2422 2471 2661 2538 aliosque
2687 2468 2921 2520 honores
2952 2474 3004 2518 te
3026 2460 3306 2532 pertrahit,
3324 2458 3411 2512 hic
3426 2471 3554 2512 vero
3573 2452 3882 2509 honoribus

2279 2565 2370 2619 tibi
2402 2561 2615 2618 collatis
2662 2557 2873 2624 invidit,
2917 2570 3018 2610 nec
3060 2553 3208 2623 prius
3250 2551 3399 2616 abiit,
3430 2563 3590 2619 quam
3645 2556 3698 2601 te
3750 2544 3884 2600 inde

2280 2653 2517 2726 ejecerit.
2549 2650 2802 2719 Quamvis
2822 2648 2966 2703 enim
3000 2646 3139 2700 illius
3158 2643 3405 2713 dogmata
3429 2640 3742 2710 perspicere
3768 2651 3881 2692 non

2281 2749 2516 2820 possitis,
2539 2743 2750 2801 etiamsi
2777 2741 2894 2797 sole
2913 2740 3146 2795 clariora
3173 2737 3282 2792 sint
3308 2736 3394 2801 iis,
3417 2733 3505 2804 qui
3532 2746 3763 2804 prorsus
3789 2746 3884 2784 su-

2281 2841 2389 2912 pini
2413 2856 2518 2894 non
2554 2845 2679 2893 sunt
2709 2853 2722 2888 :
2769 2835 2841 2889 ita
2869 2832 3213 2902 conSpicuam
3251 2828 3454 2883 habent
3480 2825 3591 2890 illa,
3622 2838 3746 2893 quze
3783 2821 3881 2876 Dei

2280 2941 2426 2996 sunt,
2456 2932 2707 2985 virtutem
2740 2935 2900 2997 atque
2930 2924 3192 2986 salutem;
3247 2921 3335 2975 illa
3359 2932 3490 2973 vero
3535 2916 3835 2986 nequitiam
3865 2931 3881 2968 :

2281 3034 2515 3080 attamen
2542 3021 2715 3075 sinon
2757 3017 2982 3089 potestis
3021 3014 3088 3067 ad
3128 3012 3214 3067 illa
3259 3010 3549 3080 respicere,
3590 3006 3784 3060 saltem
3815 3003 3885 3057 ab

2281 3119 2369 3183 iis,
2401 3117 2490 3186 qui
2526 3111 2811 3168 consilium
2859 3105 3014 3162 vobis
3046 3104 3194 3167 dant,
3223 3101 3414 3157 discite
3449 3096 3577 3167 quid
3618 3095 3882 3158 salutare,

2284 3209 2411 3280 quid
2442 3207 2659 3264 noxium
2689 3205 2778 3258 sit.
2825 3197 3106 3266 Quomodo
3140 3196 3280 3250 enim
3303 3190 3594 3248 absurdum
3624 3203 3733 3244 non
3769 3187 3888 3241 fue-

2285 3279 2355 3358 rit
2399 3299 2607 3356 caeteris
2659 3297 2712 3350 in
2749 3295 2908 3350 rebus
2938 3291 3039 3344 hoc
3077 3289 3152 3342 uti
3194 3285 3422 3342 consilio
3450 3325 3466 3349 ,
3504 3290 3563 3337 ut
3612 3281 3661 3335 si
3706 3279 3890 3334 medi-

2284 3408 2380 3448 cus
2421 3391 2598 3446 cibum
2637 3387 2726 3442 det
2765 3384 2920 3440 alicui
2950 3425 2965 3451 ,
3009 3396 3117 3436 non
3156 3379 3224 3434 de
3274 3392 3342 3433 eo
3386 3376 3478 3431 ille
3529 3373 3746 3427 curiose
3805 3370 3888 3425 in-

2283 3487 2498 3558 quirat,
2554 3481 2648 3536 sed
2693 3489 2749 3534 ut
2803 3476 3017 3533 sanitati
3063 3470 3451 3528 conducentem
3495 3464 3727 3534 accipiat
3767 3480 3783 3529 ;
3837 3461 3888 3516 si

2285 3552 2463 3632 autem
2492 3569 2762 3627 veneﬁcus
2788 3576 2843 3622 et
2875 3563 3249 3638 prteStigiator,
3295 3573 3403 3613 non
3434 3557 3661 3611 multum
3693 3552 3882 3622 inqui-

2286 3675 2388 3734 rat,
2416 3662 2512 3721 sed
2538 3661 2689 3733 quasi
2719 3672 2984 3715 venenum
3013 3663 3069 3710 et
3093 3662 3298 3724 pestem
3336 3656 3648 3709 aversetur;
3679 3653 3735 3700 et
3762 3659 3894 3699 cum

2287 3759 2352 3815 de
2411 3758 2518 3813 Deo
2568 3753 2741 3824 agitur
2786 3765 2894 3805 non
2939 3746 3130 3804 eodem
3173 3742 3252 3799 uti
3297 3739 3515 3798 medio?
3556 3750 3894 3809 quamquam

2288 3857 2436 3907 tanto
2462 3850 2633 3917 majus
2662 3841 3000 3900 intervallum
3019 3847 3100 3894 est
3125 3837 3267 3891 inter
3292 3834 3457 3887 Deum
3480 3839 3534 3885 et
3553 3828 3894 3893 daemonem,

2287 3959 2444 4016 quam
2473 3944 2612 3997 inter
2637 3936 2904 3992 medicum
2939 3941 2995 3988 ct
3031 3927 3352 3990 veneﬁcum,
3391 3930 3590 3993 quanto
3618 3934 3723 3974 nec
3749 3917 3886 3982 dici.

2289 4009 2390 4093 nec
2407 4042 2585 4090 mente
2607 4029 2692 4084 vel
2716 4040 2965 4083 sermone
2981 4017 3362 4091 comprehendi
3385 4021 3577 4085 potest.
3601 4009 3896 4079 Quomodo

2290 4130 2449 4197 igitur
2474 4139 2577 4177 non
2609 4129 2861 4176 extrema:
2888 4115 3045 4170 fuerit
3067 4107 3435 4170 absurditatis,
3475 4103 3563 4158 ubi
3594 4101 3779 4155 minor
3801 4108 3889 4154 est

2290 4190 2440 4276 cibos
2454 4211 2800 4286 prmbentium
2816 4204 3134 4269 differentia,
3149 4217 3254 4257 non
3268 4198 3477 4255 curiose
3490 4193 3786 4264 inquirere,
3799 4190 3897 4244 sed

2291 4313 2595 4369 conditione
2639 4317 2988 4379 personarum
3030 4298 3289 4354 universa:
3313 4290 3570 4348 doctrinae
3599 4289 3726 4344 loco
3760 4286 3844 4340 uti
3879 4300 3894 4338 :

2292 4404 2380 4458 ubi
2402 4413 2575 4457 autem
2600 4378 3024 4455 censiliariorum
3044 4396 3244 4444 tantum
3266 4393 3349 4441 est
3365 4382 3676 4444 discrimen,
3697 4378 3902 4451 adhor-

2293 4498 2494 4554 tatione
2506 4508 2638 4564 opus
2665 4488 2885 4551 habere,
2901 4491 2961 4539 ut
2988 4480 3308 4549 intelligatur
3333 4472 3462 4546 quid
3485 4472 3747 4564 salutare,
3771 4467 3902 4564 quid

2295 4588 2511 4646 noxium
2544 4561 2658 4637 sit?
2706 4578 2802 4644 Ne,
2846 4589 3050 4647 quaeso,
3099 4586 3166 4626 ne
3208 4563 3663 4624 irrationabilibus
3708 4561 3904 4617 bestiis

2297 4674 2769 4735 irrationabiliores
2798 4669 2997 4732 simus;
3041 4661 3137 4719 sed
3166 4659 3486 4722 resiliamus,
3517 4668 3618 4708 nec
3646 4651 3900 4722 praebea-

2298 4787 2416 4828 mus
2442 4782 2641 4824 aures:
2679 4771 2802 4819 nam
2845 4760 3188 4827 Corrumpunt
3232 4767 3395 4807 mores
3439 4748 3596 4803 bonos
3640 4745 3902 4815 colloquia

2300 4878 2454 4934 prora
2481 4860 2558 4932 (1.
2589 4853 2711 4914 Cor.
2757 4851 2965 4921 1553)
3001 4864 3017 4903 :
3062 4860 3232 4916 neque
3277 4841 3486 4896 veniam
3538 4845 3904 4934 asseqpentur

2299 4925 2387 5024 qui
2415 4925 2622 5017 decepti
2648 4951 2792 5001 sunt.
2824 4942 2930 4998 Cur
2958 4939 3100 4994 enim
3127 4935 3172 4992 si
3199 4932 3536 5004 pestilentem
3555 4935 3610 4982 et
3635 4925 3897 4982 infectum

2301 5019 2476 5101 locum
2502 5041 2708 5103 videas,
2728 5037 2836 5091 illic
2855 5033 3150 5089 consistere
3170 5025 3388 5095 refugis,
3411 5019 3620 5078 etiamsi
3641 5027 3901 5075 sexcenta

2301 5147 2352 5191 te
2404 5137 2471 5190 ad
2523 5132 2667 5187 illam
2718 5125 3099 5183 habitationem
3143 5117 3488 5191 pertrahunt,
3545 5110 3903 5182 corporisque

2299 5226 2658 5284 valetudinem
2686 5220 2896 5277 caeteris
2935 5214 3184 5272 omnibus
3209 5207 3530 5278 anteponis;
3560 5219 3683 5258 cum
3717 5211 3897 5257 autem

2301 5333 2549 5376 Sermone
2587 5310 2856 5386 pestilenti
2880 5317 3041 5380 atque
3070 5305 3258 5361 morbo
3287 5299 3502 5372 quidam
3531 5304 3658 5352 sunt
3687 5293 3898 5357 referti,

2301 5426 2418 5483 quae
2449 5425 2552 5466 non
2584 5421 2776 5477 corpus
2807 5411 3034 5466 tantum,
3063 5398 3156 5454 sed
3197 5396 3358 5452 etiam
3383 5391 3614 5446 animam
3643 5386 3898 5459 perdunt,

2303 5517 2526 5571 eamque
2553 5499 2872 5555 deteriorem
2906 5510 2970 5550 ac
3007 5492 3251 5548 viliorem
3291 5486 3542 5550 reddunt,
3582 5498 3689 5537 non
3720 5489 3902 5534 tamen

2304 5595 2516 5650 resilis?
2540 5593 2698 5658 Audi,
2749 5588 2922 5660 inquit
2961 5587 3176 5657 sapiens
3213 5581 3425 5653 quidam
3453 5579 3554 5640 vir,
3588 5592 3655 5628 ne
3679 5572 3896 5630 steteris.

2302 5687 2392 5742 sed
2413 5686 2571 5753 resili,
2611 5701 2674 5738 ne
2716 5679 2994 5736 tardaveris
3032 5677 3212 5748 (Prov.
3243 5675 3296 5730 9.
3333 5671 3423 5740 18)
3453 5687 3467 5724 :
3496 5666 3581 5722 vel
3621 5664 3897 5718 minimam

2304 5780 2357 5834 in
2382 5778 2464 5833 his
2491 5787 2667 5833 metue
2696 5789 2920 5831 moram.
2947 5771 3072 5826 Haec
3092 5783 3252 5841 porro
3267 5765 3514 5827 dicimus,
3545 5775 3650 5814 non
3673 5757 3892 5826 dogma-

2305 5879 2417 5928 tum
2461 5870 2673 5927 illorum
2718 5869 2825 5925 vim
2864 5862 3296 5929 reformidantes,
3342 5856 3435 5915 sed
3473 5850 3890 5911 imbecillitatem
