4084 6434
266 381 375 439 755

262 493 354 547 δὲν
381 489 491 563 γὰρ
518 489 706 563 ἓτερον
747 487 909 560 ήθελε
958 486 1369 542 κατασκευάσαι
1413 487 1485 541 δι’
1517 480 1594 543 ὧν
1638 488 1848 558 ἔλεγεν,

261 578 379 631 ἀλλ’
424 578 460 649 ή
509 577 595 631 δτι
640 575 918 647 ἀπόστητε
961 572 1057 629 τοῦ
1106 571 1247 627 Θεοῦ
1296 572 1394 628 τοῦ
1446 574 1850 647 πεποιηκότος·

263 663 539 734 βάσκανός
586 666 705 720 ἐστι
754 663 849 718 καί
896 662 1188 735 φθονερὸς,
1218 660 1408 733 φθονεῖ
1445 662 1557 717 τῶν
1588 661 1853 733 μειζόνων

260 752 394 823 ύμῖν
418 753 662 823 ἀγαθῶν.
705 750 868 805 Ἀλλά
912 749 1089 807 ταῦτα
1133 749 1387 823 φανερῶς
1423 750 1524 822 μέν
1551 751 1654 805 οὐκ
1685 750 1852 822 ἔθηκε

260 841 333 894 τά
378 843 445 914 ρή
456 856 618 913 ματα·
657 835 695 913 ἦ
729 839 840 913 γάρ
881 838 969 907 ἂν,
1021 838 1467 903 ὑποπτεύσαντες
1513 838 1677 893 αὐτὸν
1708 834 1849 894 εῖναι

261 928 479 1000 ἐχθρὸν,
516 927 753 998 ἔφυγον·
794 928 957 996 ἀφεὶς
994 925 1054 980 δέ
1106 924 1283 981 εἰπεῖν
1316 925 1505 989 αὐτοῖς
1550 924 1727 980 ταῦτα
1755 924 1853 980 καὶ⁵

258 1016 631 1089 περιστείλας,
657 1015 757 1089 τήν
788 1015 1042 1088 ὀλεθρίαν
1066 1014 1273 1088 ταύτην
1316 1015 1584 1087 εἰσήγαγε
1612 1013 1852 1086 συμϐου-

258 1105 379 1176 λήν.
413 1103 571 1159 Οὕτω
593 1104 784 1177 δήκαὶ
821 1102 917 1158 νῦν
953 1102 1015 1157 ού
1067 1102 1218 1174 λέγει
1261 1103 1385 1175 μέν,
1437 1102 1717 1174 ἀπόστητε
1751 1099 1849 1155 τοῦ

258 1193 520 1264 Χριστοῦ,
546 1195 623 1258 ὡς
650 1192 1119 1264 κατεγνωσμένων
1168 1193 1280 1246 τῶν
1332 1191 1495 1246 θείων
1533 1190 1849 1261 δογμάτων·

258 1277 366 1334 οἶδε
392 1282 501 1353 γὰρ
537 1281 620 1335 ὅτι
645 1280 904 1351 ἐψεύδετο
934 1281 1031 1335 καὶ
1057 1280 1160 1335 ούκ
1185 1279 1505 1335 ἐπιστεύετο
1526 1291 1577 1320 ι·
1610 1277 1851 1350 κακούρ-

258 1384 374 1437 γως
417 1367 476 1421 δέ
520 1369 670 1423 δοκεῖ
719 1369 820 1439 μὲν
866 1369 1018 1439 ήμᾶς
1072 1367 1291 1438 ἀφεῖναι
1344 1368 1405 1421 ἐν
1452 1365 1698 1429 τούτοις,
1752 1365 1849 1419 καὶ

255 1457 565 1528 συγχωρεῖν
594 1455 732 1529 πρὸς
758 1454 859 1528 τὴν
883 1454 1165 1527 ἀλήθειαν,
1190 1454 1396 1525 ἐτέρως
1422 1452 1482 1507 δέ
1507 1453 1611 1508 οὐκ
1637 1452 1849 1517 εἰδότας

254 1544 459 1607 αὐτοὺς
502 1543 712 1615 ἐξαιρεῖ
756 1543 857 1614 τῆς
911 1543 1130 1597 αἰωνίου
1185 1541 1393 1614 ταύτης
1436 1540 1844 1613 κληρονομίας·

254 1629 447 1702 ὥσπερ
471 1629 546 1683 ἂν
567 1630 623 1684 εῖ
644 1646 732 1695 τις
756 1628 924 1685 παῖδα
948 1630 1174 1701 γνήσιον
1203 1629 1301 1684 καὶ
1344 1626 1499 1702 [758]
1532 1627 1845 1700 ἐλεύθερον,

253 1719 464 1773 άπλοῦν
482 1736 605 1773 τινα
628 1720 725 1774 καὶ
748 1718 1049 1791 ἀπόνηρον,
1076 1720 1145 1790 τῇ
1174 1716 1330 1790 δεξιᾷ
1356 1716 1458 1789 μὲν
1491 1715 1745 1787 κατέχων
1769 1717 1847 1787 μὴ

254 1805 477 1859 ἐκϐάλοι
501 1806 604 1877 τῆς
624 1805 899 1879 πατρικῆς
916 1806 1118 1870 οἰκίας,
1137 1807 1393 1877 παραινοῖ
1411 1803 1470 1858 δέ
1494 1803 1646 1875 αὐτῷ
1672 1804 1847 1875 ποιεῖν

250 1893 323 1946 δι’
354 1885 431 1947 ὧν
453 1894 550 1947 καὶ
579 1892 721 1947 ἐκὼν
748 1892 845 1947 καὶ
876 1893 1025 1948 άκων
1068 1894 1389 1947 ἐκπεσεῖται
1418 1890 1531 1945 τῶν
1557 1890 1848 1963 πατρικῶν

251 1980 533 2034 ἁπάντων.
586 1981 663 2034 Οὐ
710 1980 821 2053 γάρ
866 1982 1037 2047 ἐστιν,
1084 1980 1188 2035 οὐκ
1231 1979 1351 2034 ἐστι
1392 1979 1486 2033 τὸν
1531 1978 1848 2052 εἱμαρμένῃ

250 2067 612 2139 προσέχοντα,
636 2068 937 2141 δυνηθῆναι
960 2066 1072 2124 τῶν
1096 2066 1348 2140 οὐρανῶν
1380 2068 1683 2138 ἐπιτυχεῖν,
1709 2067 1849 2138 μᾶλ-

250 2153 345 2207 λον
372 2153 432 2209 δέ
458 2156 560 2209 οὐκ
586 2154 704 2210 ἐστι
728 2156 1025 2228 δυνηθῆναι
1046 2154 1147 2227 τὴν
1174 2154 1403 2225 γέενναν
1430 2155 1526 2209 καὶ
1551 2153 1652 2226 τήν
1680 2153 1844 2207 κόλα-

253 2257 341 2295 σιν
376 2243 657 2313 ἐκφυγεῖν·
680 2242 1013 2307 ἀπεναντίας
1032 2241 1144 2314 γὰρ
1162 2244 1280 2307 τοῖς
1298 2241 1392 2296 τοῦ
1416 2240 1554 2295 Θεοῦ
1576 2240 1846 2313 δόγμασιν

250 2328 503 2394 ἃπαντας
532 2329 820 2386 πείθεσθαι
862 2329 1169 2385 ἐπιτάττει.
1216 2329 1281 2386 '0
1305 2327 1441 2393 Θεὸς
1481 2326 1654 2399 λέγει,
1703 2328 1848 2383 Ἐὰν

248 2414 464 2483 θέλητε
482 2417 583 2471 καί
608 2415 1015 2485 εἰσακούσητέ
1035 2433 1181 2487 μου,
1220 2415 1297 2472 τὰ
1339 2414 1533 2487 ἀγαθὰ
1581 2414 1692 2485 τῆς
1728 2414 1844 2486 τῆς

247 2500 535 2570 φάγεσθε·
561 2502 670 2557 ἐὰν
696 2501 766 2557 δέ
799 2502 888 2573 μὴ
932 2502 1179 2571 θέλητε,
1231 2501 1393 2574 μηδὲ
1436 2502 1846 2572 εῖσακούσητέ

242 2604 385 2658 μου,
403 2587 671 2659 μάχαιρα
699 2588 857 2660 ὑμᾶς
888 2589 1219 2646 κατέδεται.
1255 2590 1329 2646 T6
1366 2590 1479 2664 γὰρ
1502 2591 1701 2661 στόμα
1724 2593 1845 2646 Κυ-

240 2676 381 2743 ρίου
406 2676 679 2746 “(unus
713 2677 924 2733 ταῦτα.

321 2758 477 2828 Εἶδες
503 2764 625 2828 πῶς
650 2764 681 2818 6
710 2764 845 2829 Θεὸς
883 2765 1184 2836 φθέγγεται
1209 2765 1306 2821 καὶ
1325 2765 1517 2832 ποίους
1544 2766 1729 2839 τίθησι
1753 2766 1841 2822 νό-

250 2864 420 2920 μους;
451 2851 720 2905 Ἄκουσον
749 2852 845 2907 καὶ
868 2853 971 2923 τῆς
990 2853 1357 2926 εἱμαρμένης,
1374 2853 1493 2918 πῶς
1517 2853 1838 2925 φθέγγεται,

247 2938 343 2990 καὶ
369 2935 491 3000 πῶς
522 2937 801 3004 ἐναντίους
830 2939 1045 3009 εἰσάγει
1098 2940 1360 3012 θεσμοὺς,
1394 2940 1493 2994 καὶ
1526 2938 1690 3012 μάθε,
1720 2939 1840 3006 πῶς

246 3024 435 3078 ἐκεῖνα
463 3024 564 3095 μὲν
589 3024 696 3079 ὑπὸ
723 3025 873 3080 θείου
906 3025 1228 3098 Πνεύματος
1261 3026 1504 3099 εῖρηται,
1536 3025 1683 3081 τὰδὲ
1704 3026 1841 3082 ταύ-

244 3126 348 3185 της
364 3109 393 3150 δ
415 3111 522 3165 ὑπὸ
535 3112 775 3185 πονηροῦ
795 3113 1052 3185 δαίμονος
1071 3115 1166 3168 καὶ
1188 3112 1355 3186 θηρός
1368 3132 1517 3180 τινος
1535 3115 1837 3189 ἀνημέρου.

246 3192 420 3253 Εἶπεν
445 3200 475 3253 6
499 3198 653 3267 Θεὸς,
696 3201 824 3256 Ἐὰν
857 3201 1072 3275 θέλητε,
1107 3202 1203 3258 καὶ
1245 3203 1342 3257 ἐὰν
1377 3203 1454 3276 μή
1496 3203 1710 3277 θέλητε,
1738 3220 1840 3259 κυ-

245 3286 399 3360 ρίους
443 3288 593 3360 ήμᾶς
639 3290 812 3347 ποιῶν
844 3290 1053 3363 ἀρετῆς
1101 3292 1199 3346 καὶ
1226 3291 1449 3359 κακίας,
1504 3293 1602 3347 καὶ
1629 3292 1726 3346 ἐπὶ
1766 3296 1838 3366 τῇ

244 3372 441 3447 γνώμῃ
470 3378 538 3448 τῇ
572 3376 817 3449 ήμετέρᾳ
846 3378 1037 3443 τιθείς.
1072 3379 1310 3445 Ἐκεῖνος
1334 3379 1467 3433 δὲτί
1489 3396 1691 3452 φησιν;
1716 3380 1838 3435 Ὅτι

241 3461 308 3516 τὸ
331 3462 667 3534 είμαρμένον
717 3464 781 3518 ού
808 3463 1038 3520 δυνατὸν
1077 3466 1369 3536 ἐκφυγεῖν,
1422 3467 1524 3521 κᾶν
1564 3467 1838 3540 θέλωμεν,

242 3548 352 3604 κάν
380 3551 458 3624 μή
492 3549 742 3623 θέλωμεν
778 3552 922 3634 ο.ςο
961 3552 1098 3619 Θεὸς
1128 3553 1306 3623 λέγει·
1346 3553 1489 3609 Ἐὰν
1503 3554 1739 3624 θέλητε,
1767 3556 1843 3612 τὰ

239 3638 436 3707 ἀταθά
462 3638 574 3707 τῆς
602 3638 719 3708 τῆς
740 3639 1028 3712 φάγεσθε·
1052 3641 1192 3714 αὐτή
1222 3641 1399 3711 λέγει,
1427 3642 1531 3697 κᾶν
1565 3643 1837 3717 θέλωμεν,

242 3722 322 3795 μὴ
346 3718 382 3799 ᾗ
407 3723 464 3778 δέ
498 3725 634 3797 ήμῖν
676 3725 985 3798 δεδομένον,
1026 3727 1180 3782 οὐδὲν
1209 3728 1406 3799 δφελος
1446 3730 1607 3784 τοῦτο
1635 3730 1836 3788 θέλειν.

252 3812 312 3866 '0
331 3811 467 3875 Θεὸς
485 3812 658 3883 λέγει,
708 3814 852 3870 Ἐὰν
877 3814 966 3886 μὴ
989 3815 1208 3885 θέλητε
1233 3816 1566 3887 προσέχειν
1588 3818 1717 3886 τοῖς
1734 3822 1840 3876 ,ἰό-

240 3917 372 3971 τοις
395 3919 536 3972 μου,
559 3902 827 3973 μάχαιρα
856 3903 1013 3975 ὑμᾶς
1043 3905 1374 3962 κατέδεται·
1396 3907 1537 3981 αὐτή
1564 3907 1739 3979 λέγει,
1769 3910 1838 3967 ἂν

243 3987 322 4061 μή
346 3988 666 4064 θέλωμεν,ᾗ
695 3992 753 4045 δέ
781 3993 915 4065 ήμῖν
939 3992 1248 4065 δεδομένον,
1281 3994 1501 4061 πάντως
1522 3996 1833 4070 σωζόμεθα.

240 4076 320 4129 οὐ
347 4076 521 4131 ταῦτα
558 4079 593 4149 ή
638 4080 951 4152 εἱμαρμένη
991 4081 1155 4152 φησί;
1191 4082 1257 4136 Τί
1283 4083 1496 4152 γένοιτο
1522 4082 1592 4139 ἂν
1620 4081 1715 4140 οὖν
1734 4086 1837 4159 τῆς

241 4164 425 4237 μάχης
449 4165 655 4238 ταύτης
678 4166 1043 4239 σαφέστερον;
1066 4168 1231 4223 τίτοῦ
1262 4169 1502 4241 πολέμου
1524 4171 1838 4245 φανερώτεο

239 4271 335 4327 ρον
360 4254 574 4323 τούτου,
604 4256 663 4311 6v
685 4256 1060 4329 ἀναισχύντως
1092 4258 1236 4314 οὕτω
1258 4258 1397 4332 πρὸς
1432 4260 1503 4315 τά
1535 4259 1658 4317 θεῖα
1677 4262 1836 4332 λόγια

237 4342 517 4399 εῖλοντοοί
542 4336 655 4415 ’τῆς
698 4346 965 4423 πονηρίας
1005 4346 1318 4402 διδάσκαλοι
1354 4348 1643 4421 δαίμονες;
1689 4352 1833 4407 Ἀλλ’

237 4431 377 4504 δπερ
408 4432 570 4503 ἔφην,
601 4431 664 4486 τὸ
692 4432 796 4503 μέν
830 4433 1093 4506 δαίμονας
1137 4436 1233 4489 καὶ
1266 4435 1594 4509 ἀνθρώπους
1637 4439 1834 4506 ἄλλους

236 4515 519 4591 δαίμονας,
540 4521 671 4586 τοὺς
696 4520 969 4593 Ἕλληνας
987 4523 1154 4593 λέγω,
1171 4524 1346 4580 ταῦτα
1372 4526 1677 4594 πείθεσθαι,
1701 4528 1833 4584 θαυ-

239 4607 450 4681 μαστὸν
481 4607 654 4662 οὐδέν·
700 4608 766 4662 τὸ
804 4608 863 4662 δέ
902 4610 1050 4681 ὑμᾶς
1081 4610 1228 4667 οὕτω
1256 4611 1410 4679 θείας
1437 4615 1533 4670 καὶ
1553 4618 1829 4689 σωτηρίου

233 4695 590 4759 διδασκαλίας
648 4695 1064 4767 ἀπολαύοντας,
1119 4701 1416 4773 ἀτιμάζειν
1469 4705 1570 4776 μὲν
1619 4706 1827 4774 ταῦτα,

236 4780 598 4853 προστρέχειν
625 4782 683 4836 δέ
702 4782 935 4853 ἐκείνοις
963 4787 1077 4848 τοῖς
1102 4785 1487 4854 ἀλογωτάτοις,
1524 4789 1620 4843 καὶ
1645 4789 1829 4863 ψυχῆς

234 4864 513 4921 ἀπώλειαν
541 4866 748 4938 έχουσι,
772 4867 931 4922 τοῦτό
957 4871 1076 4923 ἐστι
1096 4870 1159 4924 τὸ
1178 4871 1401 4927 πάντων
1420 4873 1823 4949 χαλεπώτερον.

237 4955 303 5010 Τί
334 4953 446 5027 γάρ
471 4972 575 5026 μοι
592 4955 694 5010 καί
717 4956 865 5024 τοὺς
887 4956 1004 5023 ἔξω
1031 4959 1263 5027 κρίνειν
1278 4977 1298 5026 ;
1337 4961 1496 5032 Ἐμοὶ
1518 4962 1659 5028 τέως
1685 4964 1825 5037 πρὸς

231 5042 379 5113 ὑμᾶς
408 5046 557 5098 ἐστιν
576 5046 607 5098 6
638 5044 817 5114 λόγος,
850 5044 921 5101 τὰ
951 5047 1089 5119 μέλη
1136 5048 1232 5103 τοῦ
1263 5048 1525 5122 Χριστοῦ,
1563 5051 1633 5106 τά
1654 5053 1825 5108 τέκνα

227 5130 333 5201 τῆς
356 5131 706 5205 Ἐκκλησίας,
724 5135 851 5199 τοὺς
871 5135 933 5189 ἐν
960 5134 1039 5207 τῷ
1061 5137 1318 5209 πατρικῷ
1344 5138 1480 5210 οῖκῳ
1495 5139 1824 5213 παιδευομέ-

228 5236 378 5283 νους,
418 5220 549 5284 τοὺς
576 5222 845 5293 οὐρανίων
879 5224 1255 5290 ἀπολαύοντας
1286 5226 1654 5300 διδαγμάτων,
1694 5232 1824 5296 τοὺς

226 5307 469 5380 τοσαύτῃ
496 5309 831 5379 τιμηθέντας
849 5313 1005 5383 τιμῇ.
1033 5312 1134 5365 Διά
1149 5311 1309 5367 τοῦτο
1340 5314 1531 5377 στένω,
1553 5314 1644 5369 διὰ
1660 5314 1822 5371 τοῦτο

225 5394 451 5465 δακρύω
482 5396 575 5449 καὶ
605 5396 812 5469 θρηνῶ·
837 5395 1053 5470 θρήνων
1075 5398 1184 5471 γὰρ
1204 5398 1375 5464 ὅντως
1405 5400 1554 5469 ἀξια,
1580 5403 1711 5459 ὅταν
1736 5422 1822 5470 τις

228 5482 367 5555 μηδὲ
406 5483 741 5555 συγγνώμης
783 5485 911 5550 ἀξια
954 5484 1129 5560 πίπτῃ
1172 5486 1466 5560 πτώματα.
1520 5491 1658 5547 [Ιοία
1684 5492 1817 5564 γὰρ,

223 5571 348 5625 εἰπέ
379 5588 495 5643 μοι,
518 5573 840 5646 συγγνώμη,
872 5574 1001 5629 ὃταν
1026 5575 1399 5648 ἀποφαίνηται
1422 5578 1557 5644 Θεὸς
1586 5581 1681 5636 καὶ
1707 5582 1820 5638 δαί-

287 5724 315 5784 Ρ
337 5723 425 5774 Sic
441 5723 578 5776 Colb.
602 5724 658 5774 ιιι
676 5725 853 5776 Morel.
877 5739 998 5778 vero
1017 5729 1207 5777 καὶούκ
1227 5729 1502 5782 ἐπιστεύετο
1525 5732 1689 5784 ἀθεεὶ.

284 5783 315 5826 ι
340 5784 411 5835 lla
429 5786 566 5836 Colb.
593 5786 647 5835 In
666 5786 816 5837 editis
841 5790 944 5838 hac
964 5791 1131 5840 vitiata
1152 5798 1312 5840 erant.

283 5854 307 5880 ε
339 5848 421 5900 Sic
438 5855 579 5902 recte
606 5849 826 5903 Colbert.
861 5850 990 5903 Edit.
1018 5865 1137 5904 vero
1159 5854 1247 5903 κᾶν
1270 5856 1636 5925 σπουδάσωμεν.

1384 369 1473 426 DE
1510 370 1694 428 ΕΑΤο
1730 371 1820 429 ET
1860 369 2347 429 PROVIDENTIA.
2390 370 2455 428 ll.

3441 382 3546 438 756

1958 504 2119 558 μονες
2145 486 2641 556 ἀντιφθέγγωνται,
2674 487 2767 541 καὶ
2787 485 3206 559 ἀξιοπιστότερα
3240 482 3369 558 δόξῃ
3399 488 3552 558 παρὰ

1952 576 2063 631 τῶν
2101 575 2321 631 οίκείων
2343 574 2438 630 τοῦ
2460 564 2606 631 Θεοῦ
2622 576 2695 631 τὰ
2724 578 2855 650 παρ’
2869 576 3094 631 ἐκείνων
3128 574 3400 645 λεγόμενα
3419 591 3434 637 ;
3456 577 3551 647 Μὴ

1952 662 2063 735 γὰρ
2082 663 2379 736 λογισμοὺς
2398 664 2659 735 κινοῦμεν
2673 664 2789 729 νῦν,
2807 664 2947 719 ἀλλά
2968 664 3110 729 τέως
3128 663 3229 735 τὴν
3248 662 3555 734 ἰταμότητα

1952 753 2083 816 τῶν,
2106 753 2337 818 ἐκείνοις
2373 752 2714 826 πειθομένων
2765 753 3037 827 δείξομεν.
3096 754 3157 807 '0
3198 751 3331 816 Θεὸς
3369 750 3552 819 λέγει,

1951 838 2270 910 Παρέθηκά
2297 854 2398 895 σοι
2440 839 2564 911 πῦρ
2602 840 2706 896 καί
2738 840 2919 909 ὕδωρ,
2969 839 3089 909 τὴν
3125 837 3282 907 ζωὴν
3312 836 3410 892 καί
3444 837 3555 892 τόν

1952 929 2237 993 θάνατον,
2268 925 2340 986 οὗ
2363 927 2475 982 ἐὰν
2501 928 2686 999 θέλῃς
2712 929 2987 983 ἔκτεινόν
3011 942 3130 983 σου
3153 926 3271 996 τὴν
3298 926 3489 996 χεῖρα·
3522 924 3552 977 ό

1951 1015 2165 1087 δαίμων
2185 1015 2364 1084 λέγει,
2388 1016 2471 1070 ὅτι
2502 1015 2606 1071 οὐκ
2652 1015 2803 1071 ἐστιν
2840 1017 2899 1069 ἐν
2933 1017 3020 1070 σοὶ
3061 1014 3125 1069 τὸ
3156 1012 3423 1068 ἐκτείνειν
3451 1011 3555 1083 τὴν

1950 1104 2133 1175 χεῖρα.
2160 1103 2279 1158 ἀλλ’
2308 1102 2525 1175 ἀνάγκη
2555 1104 2663 1158 τινί
2697 1104 2795 1159 καί
2828 1102 2943 1175 βίᾳ.
2982 1102 3096 1156 Καὶ
3129 1099 3555 1169 ἀξιοπιστότερα

1949 1187 2092 1246 εἷναί
2123 1208 2205 1245 σοι
2230 1191 2400 1257 δοκεῖ,
2431 1193 2528 1245 καί
2551 1192 2612 1246 οὐ
2632 1193 2694 1246 τὸ
2739 1192 2905 1264 μέσον
2929 1190 3038 1245 τῶν
3066 1187 3555 1261 συμϐουλευόντων

1951 1282 2113 1344 νοεῖς,
2135 1280 2220 1333 ὅτι
2240 1282 2269 1333 6
2294 1280 2393 1351 μὲν
2419 1279 2574 1344 Θεὸς,
2596 1281 2627 1333 ό
2653 1279 2713 1334 δέ
2753 1278 2986 1350 δαίμων·
3019 1278 3081 1332 οὐ
3108 1276 3213 1347 τῆς
3238 1274 3555 1347 συμϐουλῆς

1948 1367 2013 1421 τὸ
2038 1367 2298 1440 διάφορον
2331 1364 2635 1435 ἐξετάζεις,
2656 1367 2739 1421 δτι
2766 1366 2829 1421 τὸ
2861 1367 2962 1438 μὲν
2993 1366 3262 1438 σωτήριον
3288 1364 3385 1419 καὶ
3415 1361 3553 1435 πρὸς

1949 1455 2155 1525 ἀρετὴν
2180 1454 2359 1520 καλεῖ,
2387 1455 2451 1509 τὸ
2492 1454 2552 1510 δέ
2579 1455 2751 1520 δντως
2791 1456 2890 1511 κα)⁸
2914 1454 3231 1527 δαιμονικὸν
3264 1452 3360 1508 καὶ
3397 1451 3550 1526 [759]

1951 1543 2090 1614 πρὸς
2117 1542 2319 1599 κακίαν
2358 1543 2455 1598 καὶ
2487 1541 2777 1616 πονηρίαν·
2804 1544 2866 1597 οὐ
2891 1542 2963 1598 τὰ
2988 1543 3145 1614 παρά
3172 1540 3265 1596 τοῖ
3298 1538 3435 1594 Θεοῦ
3468 1555 3552 1592 σοι

1949 1632 2314 1703 γεγενημένα,
2352 1632 2449 1687 καί
2476 1632 2544 1687 τὰ
2575 1632 2727 1706 παρά
2766 1631 2862 1687 τοῦ
2896 1632 3156 1703 δαίμονος
3187 1633 3435 1694 σκοπεῖς,
3467 1629 3554 1684 ὅτι

1948 1719 1980 1773 ό
2008 1720 2109 1790 μὲν
2126 1719 2270 1775 οὕτω
2298 1736 2361 1774 σε
2387 1720 2668 1792 ἐφίλησεν,
2700 1721 2780 1785 ὡς
2816 1718 3030 1774 καὶτὸν
3058 1718 3345 1790 Μονογενῆ
3364 1716 3553 1773 δοῦναι

1950 1805 2093 1878 ὑπὲρ
2127 1806 2247 1871 σοῦ,
2276 1799 2339 1863 οῦ
2360 1806 2692 1880 τιμιώτερον
2714 1806 2871 1862 οὐδὲν
2902 1801 2971 1879 ἦν
3004 1806 3084 1879 τῷ
3112 1807 3314 1879 Πατρί,
3342 1806 3439 1861 καὶ
3467 1804 3550 1859 ἐτι

1949 1893 2118 1964 φιλεῖ,
2149 1894 2229 1960 ῶς
2256 1895 2355 1950 καὶ
2372 1897 2713 1967 παρακαλεῖν
2736 1913 2798 1950 σε
2827 1894 2920 1951 διὰ
2937 1896 3048 1951 τῶν
3070 1894 3389 1951 ἀποστόλων
3409 1893 3553 1965 ὑπὲρ

1946 1982 2048 2054 τῆς
2080 1984 2182 2055 σῆς
2211 1983 2512 2055 σωτηρίας,
2538 1984 2635 2039 καὶ
2665 1983 2848 2039 πάντα
2882 1985 3048 2038 ποιεῖ·
3084 1983 3114 2036 6
3139 1982 3197 2037 δέ
3220 1981 3394 2047 οὕτως
3423 1981 3552 2053 ἐμί-

1949 2087 2086 2141 σησε
2114 2072 2211 2126 καὶ
2237 2074 2411 2143 μισεῖ,
2444 2073 2522 2137 ὼς
2563 2071 2654 2127 διά
2697 2073 2918 2128 πάντων
2945 2089 3029 2127 σοι
3061 2071 3324 2142 πολεμεῖν
3349 2070 3446 2125 καὶ
3474 2069 3552 2142 μὴ

1949 2160 2113 2230 μόνον
2143 2159 2300 2214 οὐδὲν
2344 2159 2548 2215 διδόναι
2598 2161 2871 2234 χρηστὸν,
2917 2160 3057 2215 ἀλλά
3100 2160 3195 2214 καὶ
3231 2151 3308 2213 ὧν
3357 2158 3553 2221 ἔλαϐες

1948 2246 2103 2320 παρά
2129 2246 2226 2302 τοῦ
2265 2246 2423 2315 Θεοῦ,
2459 2249 2556 2303 καὶ
2598 2248 2806 2305 τούτων
2846 2249 3146 2321 πειρᾶσθαι
3185 2246 3490 2302 ἐκϐάλλειν·
3520 2247 3553 2301 6

1950 2334 2053 2407 μὲν
2068 2334 2326 2405 ἀγγέλοις
2350 2352 2409 2389 σε
2432 2336 2549 2392 ῖσον
2570 2338 2796 2409 ποιῆσαι
2820 2336 3176 2402 ἐσπούδασεν,
3197 2338 3225 2390 ό
3243 2334 3302 2390 δέ
3328 2334 3439 2390 τῶν
3460 2352 3554 2407 χα-

1950 2423 2050 2493 μαὶ
2084 2421 2413 2494 βαδιζόντων
2441 2424 2771 2497 ἀτιμότερόν
2799 2442 2860 2479 σε
2880 2425 3243 2497 κατέστησεν,
3260 2422 3461 2487 αύτούς
3489 2440 3551 2476 τε

1947 2512 2009 2566 σέ
2033 2514 2367 2584 προσκυνεῖν
2410 2513 2752 2568 ἀντέπεισεν·
2788 2515 2818 2569 6
2844 2515 2944 2587 μὲν
2965 2514 3046 2578 είς
3072 2512 3355 2586 βασιλείαν
3383 2512 3553 2585 ούρα-

1944 2598 2054 2653 νῶν
2079 2598 2229 2655 ἐλκει
2267 2600 2363 2657 καὶ
2390 2600 2492 2665 τὰς
2526 2600 2694 2658 ἀλλατ
2724 2600 2911 2674 τιμάς,
2943 2604 2973 2656 6
2991 2601 3048 2656 δὲ
3074 2601 3169 2657 καὶ
3194 2602 3293 2674 τῆς
3316 2598 3553 2655 ἐνταῦθά

1946 2704 2032 2742 σοι
2057 2687 2309 2761 δοθείσης
2338 2689 2638 2760 ἐφθόνησε,
2668 2690 2767 2745 καὶ
2793 2690 2856 2744 οὐ
2879 2690 3149 2762 πρότερον
3177 2687 3550 2760 ἀπέστη,ἐως

1944 2776 2224 2844 ἐξέϐαλεν.
2260 2776 2327 2832 Εἰ
2354 2777 2467 2851 γὰρ
2496 2778 2594 2834 καὶ
2617 2779 2689 2833 τὰ
2717 2779 2968 2850 δόγματα
3000 2779 3061 2833 οὐ
3095 2778 3329 2833 δύνασθε
3372 2776 3547 2833 αὐτοῦ

1946 2868 2202 2938 συνορᾷν,
2221 2866 2399 2920 καίτοι
2424 2867 2580 2939 ήλίου
2605 2867 2920 2939 σαφέστερα
2946 2868 3061 2932 τοῖς
3090 2866 3166 2938 μὴ
3190 2866 3561 2939 νωθεστέροις-

1942 2953 2114 3007 ἐστίν·
2141 2953 2290 3008 οὕτω
2320 2955 2416 3008 καὶ
2446 2956 2620 3010 ταῦτα
2642 2955 2712 3011 τά
2732 2956 2827 3009 τοῦ
2850 2956 2990 3010 Θεοῦ
3015 2955 3285 3028 πρόδηλον
3313 2954 3425 3027 ἔχει
3446 2955 3548 3025 τὴν

1942 3042 2147 3115 ἀρετὴν
2171 3046 2268 3098 καὶ
2307 3043 2406 3116 τὴν
2441 3046 2741 3118 σωτηρίαν,
2776 3046 3011 3101 κάκεῖνα
3039 3045 3141 3118 τήν
3174 3044 3397 3099 κακίαν·
3429 3044 3547 3100 ἀλλ’

1940 3129 2096 3201 ὅμως
2128 3131 2178 3184 εί
2234 3132 2374 3202 πρὸς
2424 3132 2568 3187 αὐτὰ
2599 3134 2676 3205 μὴ
2732 3132 2962 3187 δύνασθε
2996 3133 3252 3197 συνιδεῖν,
3296 3130 3400 3188 κᾶν
3437 3132 3548 3187 ἀπὸ

1939 3215 2052 3271 τῶν
2074 3216 2558 3289 συμϐουλευόντων
2596 3219 2799 3291 μάθετε
2823 3219 2886 3274 τὸ
2915 3220 3187 3293 σωτήριον
3212 3220 3308 3275 καὶ
3328 3220 3390 3275 τὸ
3416 3221 3547 3292 βλα-

1942 3302 2123 3376 ϐερόν.
2153 3302 2281 3370 Πῶς
2300 3305 2413 3378 γάρ
2440 3306 2545 3360 οὐκ
2571 3307 2773 3363 ἄτοπον
2798 3306 2892 3360 ἐπὶ
2928 3307 3028 3378 μὲν
3051 3307 3163 3363 τῶν
3191 3307 3368 3363 ἄλλων
3398 3324 3547 3381 πρα-

1942 3392 2174 3463 γμάτων
2206 3392 2379 3467 ταύτῃ
2425 3394 2735 3467 κεχρῆσθαι
2782 3398 2850 3468 τῇ
2895 3396 3114 3469 γνώμῃ,
3160 3395 3269 3452 κᾶν
3328 3397 3427 3469 μέν
3460 3398 3546 3451 ἰα-

1941 3480 2073 3550 τρὸς
2098 3477 2247 3555 δώσῃ
2280 3482 2391 3536 τινὶ
2431 3482 2620 3548 σιτίον,
2667 3481 2743 3555 μὴ
2786 3482 3281 3556 περιεργάζεσθαι,
3315 3483 3433 3539 ἀλλ’
3469 3483 3547 3547 ὡς

1943 3568 2159 3637 ὑγιείας
2215 3568 2503 3639 ποιητικὸν
2557 3569 2843 3641 δέχεσθαι,
2893 3570 2962 3625 ἀν
3012 3570 3072 3626 δέ
3123 3563 3419 3645 φαρμακὸς
3446 3572 3547 3627 καὶ

1941 3655 2099 3727 γόης,
2134 3654 2210 3727 μή
2262 3656 2767 3729 πολυπραγμονεῖν,
2819 3658 2939 3713 ἀλλ’
2968 3658 3046 3723 ὡς
3082 3658 3413 3732 δηλητήριον
3449 3660 3548 3715 καὶ

1943 3742 2209 3815 βλαϐερὸν
2237 3743 2705 3816 ἀποστρέφεσθαι·
2739 3745 2834 3799 ἐπὶ
2863 3746 2922 3800 δὲ
2941 3745 3040 3801 τοῦ
3072 3745 3212 3802 Θεοῦ
3250 3746 3387 3819 μηδέ
3415 3746 3545 3803 τού-

1939 3847 2020 3899 τῳ
2046 3829 2353 3903 κεχρῆσθαι
2398 3831 2479 3902 τῷ
2508 3832 2695 3905 μέσῳς
2740 3833 2921 3888 καίτοι
2975 3834 3219 3907 τοσούτῳ
3273 3834 3437 3889 πλέον
3482 3835 3546 3890 τὸ

1944 3918 2111 3989 μέσον
2147 3918 2287 3973 Θεοῦ
2321 3919 2417 3973 καὶ
2448 3919 2725 3992 δαίμονος,
2763 3921 2797 3992 ἢ
2849 3922 3038 3996 ἰατροῦ
3081 3923 3177 3978 καὶ
3203 3922 3504 3995 φαρμακοῦ
3524 3964 3541 3983 .

1939 4006 2065 4062 ὅσον
2096 4005 2219 4061 οὐδὲ
2264 4005 2478 4073 ἐξεστιν
2509 4009 2708 4073 εἰπεῖν,
2758 4009 2880 4063 οὐδὲ
2923 4009 3002 4082 νῷ
3053 4010 3412 4083 παραστῆσαι
3445 4010 3545 4065 καί

1938 4093 2106 4168 λόγῳ.
2135 4095 2262 4162 Πῶς
2284 4092 2378 4153 οὖν
2417 4096 2518 4152 ούκ
2555 4098 2794 4171 ἐσχάτης
2825 4099 3079 4167 ἀτοπίας,
3121 4100 3253 4155 ἔνθα
3286 4101 3386 4173 μέν
3413 4099 3541 4155 ἐλά-

1939 4201 2127 4255 χιστον
2173 4185 2236 4240 τὸ
2279 4186 2539 4260 διάφορον
2579 4188 2690 4243 τῶν
2736 4190 3092 4261 παρεχόντων
3119 4188 3189 4242 τά
3244 4188 3413 4254 σιτία,
3462 4190 3539 4261 μὴ

1898 4336 1903 4339 ν
1938 4272 2441 4345 πολυπραγμονεῖν,
2487 4275 2627 4330 ἀλλά
2669 4279 2736 4349 τῇ
2787 4278 3034 4349 ποιότητι
3068 4276 3180 4330 τῶν
3226 4274 3539 4349 προσώπων

1936 4361 2059 4416 ἀντὶ
2091 4360 2275 4433 πάσης
2300 4362 2606 4435 κεχρῆσθαι
2632 4364 3005 4429 διδασκαλίας·
3035 4363 3166 4418 ἐνθα
3188 4363 3247 4419 δὲ
3280 4362 3537 4418 τοσοῦτον

1934 4449 1998 4503 τὸ
2025 4450 2192 4521 μέσον
2235 4452 2346 4505 τῶν
2373 4453 2874 4524 συμϐουλευόντων,
2933 4454 3097 4524 λόγου
3157 4454 3351 4527 χρείαν
3390 4454 3537 4525 ἐχειν

1935 4538 2076 4610 πρὸς
2094 4539 2157 4593 τὸ
2188 4539 2405 4610 μαθεῖν,
2418 4541 2503 4595 δτι
2534 4541 2599 4596 τὸ
2622 4538 2727 4612 μὲν
2749 4542 3039 4613 σωτήριον,
3057 4541 3121 4595 τὸ
3148 4541 3205 4595 δὲ
3228 4541 3534 4615 βλαϐερόνς

1933 4628 2049 4700 Μή,
2082 4629 2412 4701 παρακαλῶ,
2457 4629 2533 4702 μή
2558 4630 2669 4685 τῶν
2719 4630 2931 4700 ἀλόγων
2979 4625 3132 4703 ὦμεν
3172 4631 3531 4705 ἀλογώτεροι,

1932 4715 2050 4770 ἀλλ’
2080 4716 2474 4788 ἀποπηδῶμεν,
2505 4719 2602 4773 καὶ
2642 4716 2718 4790 μὴ
2772 4718 3143 4790 ἐπικλίνωμεν
3171 4720 3273 4785 τάς
3321 4720 3493 4786 ἀκοάς
3512 4736 3529 4753 ·

1932 4804 2293 4874 Φθείρουσιν
2325 4804 2442 4875 ἤθη
2474 4807 2712 4875 χρηστά
2744 4806 2971 4876 ὁμιλίαι
2999 4808 3216 4862 κακαί·
3258 4810 3354 4863 καὶ
3392 4827 3528 4880 συγ-

1929 4890 2157 4964 γνώμης
2183 4892 2286 4947 ούκ
2303 4891 2423 4947 ἐστι
2448 4896 2633 4965 τυχεῖν
2653 4894 2781 4958 τοὺς
2800 4894 3203 4966 ἀπατηθέντας.
3230 4898 3389 4963 Τίνος
3416 4899 3527 4971 γὰρ

1929 4980 2140 5049 ἐνεκεν,
2169 4980 2237 5035 ἀν
2265 4981 2366 5052 μὲν
2397 4980 2649 5053 λοιμικὸν
2684 4984 2885 5056 χωρίον
2929 4983 3047 5057 ἴδῃς
3098 4986 3195 5039 καὶ⁹
3240 4986 3523 5053 ἐπίνοσον,

1928 5066 2154 5137 φεύγεις
2177 5067 2277 5140 τὴν
2298 5070 2418 5122 ἐκεῖ
2434 5068 2741 5143 διατριϐὴν,
2764 5069 2867 5125 κᾶν
2902 5072 3073 5143 μυρία
3116 5089 3177 5126 σε
3220 5074 3355 5147 ἐλκῃ
3384 5075 3525 5148 πρὸς

1926 5155 2027 5227 τήν
2044 5156 2260 5227 οἴκησιν
2282 5154 2519 5227 ἐκείνην,
2537 5156 2756 5212 πάντων
2778 5158 2880 5230 τὴν
2907 5158 3001 5213 τοῦ
3027 5159 3283 5232 σώματος
3310 5164 3524 5233 ὑγίειαν

1927 5241 2224 5312 προτιθείς·
2260 5242 2392 5296 ὅταν
2434 5243 2492 5296 δέ
2536 5241 2696 5313 λόγου
2722 5243 2816 5298 τοῦ
2855 5244 3157 5317 λοιμώδους
3191 5251 3335 5314 τινὲς
3386 5243 3524 5305 ὦσιν

1925 5330 2400 5402 ἐμπεπλησμένοι,
2420 5332 2515 5385 καὶ
2552 5334 2885 5403 νοσήματος,
2920 5334 3040 5405 οὐχὶ
3082 5336 3244 5408 σῶμα
3276 5338 3525 5408 διαφθεί-

1925 5434 2111 5490 ροντος
2142 5417 2325 5489 μόνον,
2351 5418 2489 5473 ἀλλά
2512 5419 2609 5473 καὶ
2626 5419 2808 5492 ψυχὴν
2830 5421 3202 5489 ἀπολλύντος,
3236 5427 3333 5480 καὶ
3354 5427 3521 5499 χείρω

1921 5506 2016 5560 καὶ
2040 5504 2381 5577 φαυλοτέραν
2409 5506 2808 5577 ἐργαζομένου,
2839 5510 2941 5563 οὐκ
2966 5510 3259 5585 ἀποπηδᾷς
3276 5532 3291 5577 ς
3308 5515 3520 5574 Ἀκου-

1918 5607 2057 5659 σον,
2077 5592 2211 5664 φησί
2237 5610 2323 5657 τις
2348 5594 2511 5664 σοφὸς
2536 5594 2700 5667 ἀνήρ,
2719 5595 2801 5664 μὴ
2827 5597 3094 5667 στήσῃς,
3120 5601 3260 5659 ἀλλ’
3280 5602 3519 5670 ἀποπή-

1916 5678 2136 5748 δησον,
2151 5679 2240 5750 μὴ
2261 5682 2652 5752 ἐτγρονίσῃς,
2675 5686 2773 5738 καὶ
2797 5688 2898 5756 τὴν
2933 5687 3281 5762 βραχυτάτην
3303 5693 3364 5746 ἐν
3387 5693 3516 5746 τού-

1914 5783 2031 5831 τοις
2060 5766 2318 5833 δεδοικὼς
2360 5770 2667 5842 διατριϐήν.
2698 5772 2885 5827 Ταῦτα
2917 5774 2975 5829 δὲ
3012 5777 3245 5849 λέγομεν
3264 5821 3281 5847 ,
3317 5780 3381 5834 οὐ
3412 5780 3515 5850 τήν

1923 5855 2076 5928 ἰσχὺν
2102 5856 2211 5913 τῶν
2250 5857 2381 5933 παρ’
2427 5857 2660 5925 ἐκείνοις
2711 5858 3000 5934 δογμάτων
3026 5864 3347 5938 δεδοικότες,
3375 5867 3512 5927 ἀλλὰ
