4084 6428
596 333 699 388 7ῖῆ

591 444 690 516 τὴν
728 440 998 512 ὑμετέραν
1036 440 1323 509 ἀσθένειαν
1360 443 1710 520 φοϐούμενοι.
1754 446 1918 517 Ἡμῖν
1965 446 2074 518 γὰρ
2102 449 2170 520 τῇ

592 514 688 580 τοῦ
720 522 854 578 Θεοῦ
886 524 1070 595 χάριτι
1107 514 1382 596 ἀραχνίων
1416 514 1782 599 ἀσθενέστερα
1828 514 1899 581 τὰ
1947 514 2174 583 ἐκείνων

593 608 868 678 φαίνεται,
893 609 1006 670 τοῖς
1022 606 1510 679 τεθεμελιωμένοις
1532 612 1601 682 τῇ
1628 610 1828 673 πίστει,
1855 611 1960 665 κᾶν
1983 612 2177 684 μυριά-

593 708 681 755 κις
713 688 873 763 ⁴ήμῶν
904 690 1146 762 ἐπᾴδωσι
1176 691 1278 757 τὰς
1327 692 1532 758 ἀκοάς,
1580 692 1820 765 τοσούτῳ
1871 694 2042 749 πλείω
2081 696 2174 752 τὸν

592 772 805 844 γέλωτα
833 775 1222 845 όφλισκάνουσι
1260 776 1392 848 παρ’
1420 777 1599 849 ημῶν,
1631 776 1883 850 καθάπερ
1908 779 1959 832 οί
1990 797 2174 852 μεμη-

591 858 745 921 νότες
772 859 866 913 καὶ
920 859 1033 913 τῶν
1068 858 1290 914 οἰκείων
1331 861 1545 930 φρενῶν
1574 859 1949 932 ἐξεστηκότες⁸
1987 863 2089 934 τὴν
2116 863 2176 916 δέ

596 940 866 1012 ὑμετέραν
884 942 1170 997 ἀσθένειαν
1185 942 1520 1013 δεδοίκαμεν.
1540 942 1617 996 Οὸ
1633 944 1777 998 κατά
1798 944 2017 999 πάντων
2030 945 2175 1015 λέγω

592 1024 664 1077 τά
690 1025 975 1097 εἰρημένα,
1032 1025 1173 1080 ἀλλά
1206 1025 1345 1081 κατά
1375 1025 1487 1079 τῶν
1520 1025 1841 1081 ὑπευθύνων
1873 1030 1991 1092 τοῖς
2020 1026 2173 1101 [760]

594 1104 908 1179 λεγομένοις
941 1108 1130 1163 δντων.
1186 1108 1340 1162 Ἐπεὶ
1374 1110 1472 1162 καὶ¹
1505 1107 1777 1175 Παῦλος,ό
1802 1110 2018 1165 πάντων
2041 1128 2175 1182 κρα-

592 1187 725 1253 τῶν,
755 1190 877 1260 οὐχὶ
924 1189 1275 1245 διδασκαλίαν
1328 1191 1513 1261 μόνον,
1568 1192 1706 1246 ἀλλά
1752 1192 1849 1246 καὶ
1897 1192 2040 1248 κατά
2064 1192 2175 1248 τῶν

593 1270 888 1343 ἀλλοτρίων
917 1273 1226 1337 ἐπιδεικνὺς
1252 1272 1329 1343 τῷ
1369 1272 1585 1344 μαθητῇ
1610 1266 1859 1346 Τιμοθέῳ
1888 1274 1987 1339 τάς
2019 1275 2175 1344 λογο-

596 1352 822 1423 μαχίας,
840 1354 940 1418 τάς
962 1355 1295 1423 κενοφωνίας
1321 1354 1705 1425 περιίστασθαι
1738 1360 2012 1428 παραινεῖ.
2041 1357 2177 1412 Ὀλί-

593 1450 689 1502 γος
722 1437 871 1491 ἐστὶν
896 1440 926 1491 ό
960 1440 1057 1507 τῆς
1089 1436 1235 1508 ζωῆς
1260 1436 1415 1508 ἡμῶν
1435 1438 1649 1509 χρόνος,
1679 1438 1852 1510 βραχὺ
1874 1440 1933 1493 τὸ
1952 1440 2052 1511 τῆς
2069 1456 2176 1493 σω-

594 1518 789 1602 τηρίας
816 1521 1046 1588 ἐφόδιον.
1076 1522 1173 1574 "Av
1194 1517 1287 1575 οὖν
1318 1522 1479 1575 αὑτὸν
1501 1522 1593 1577 τὸν
1627 1520 1835 1593 βραχὺν
1862 1522 2054 1593 χρόνον
2084 1523 2176 1577 τὸν

594 1601 817 1655 δοθέντα
842 1604 976 1673 ημῖν
1010 1602 1145 1675 πρὸς
1175 1605 1237 1657 τὸ
1286 1604 1480 1675 μαθεῖν
1513 1623 1565 1658 τι
1596 1605 1704 1658 τῶν
1750 1605 2068 1677 χρησίμων,
2096 1607 2177 1670 εἰς

596 1684 856 1754 περιττὰς
909 1687 1005 1740 καί⁵
1036 1688 1331 1760 ἀνονήτους
1363 1689 1459 1743 καὶ
1494 1688 1765 1761 βλαϐεράς
1806 1689 2177 1761 ἀναλώσωμεν

591 1767 906 1837 ἀκροάσεις,
947 1769 1077 1822 πότε
1105 1770 1290 1824 λοιπὸν
1317 1772 1696 1842 εὐπορήσομεν
1726 1773 1913 1842 ἐτέρου
1946 1775 2087 1843 πρὸς
2114 1772 2178 1826 τὸ

595 1851 787 1918 μαθεῖν
813 1852 881 1904 τά
915 1853 1188 1921 ἀναγκαῖα
1209 1855 1302 1907 καὶ
1338 1854 1768 1923 κατεπείγοντας
1796 1854 2053 1909 Μάλιστα
2078 1856 2178 1925 μὲν

593 1930 725 2001 γάρ,
759 1934 808 1984 εἰ
838 1934 932 1987 καὶ
973 1934 1182 2007 μακρὸς
1210 1932 1300 2007 ἦν,
1336 1937 1512 1990 πάντα
1545 1937 1709 1991 αὑτὸν
1734 1939 1814 2001 εἰς
1842 1936 1912 1989 τά
1930 1940 2178 2008 χρήσιμα

592 2014 907 2068 ἀναλίσκειν
928 2016 1055 2070 ἔδει·
1084 2019 1213 2072 ὅταν
1268 2018 1324 2072 δὲ
1368 2020 1461 2073 καί⁵
1494 2020 1675 2088 ὀλίγος
1802 2020 1897 2073 καὶ
1945 2019 2175 2091 βραχὺς,

594 2097 712 2161 πῶς
740 2099 837 2151 οὑκ
871 2099 1107 2169 ἐσχάτης
1145 2101 1331 2164 ἀνοίας
1356 2101 1454 2172 τὴν
1480 2101 1767 2173 ὀλιγότητα
1799 2102 1965 2157 αὑτοῦ
1997 2104 2079 2165 εἰς
2107 2101 2177 2156 τά

592 2177 976 2250 διαφθείροντα
1011 2181 1257 2251 δόγματα
1288 2183 1387 2255 τὴν
1431 2183 1610 2254 ψυχὴν
1645 2186 1745 2256 τὴν
1776 2185 2054 2257 ἡμετέραν
2078 2184 2174 2255 δα-

588 2263 801 2331 .πανᾷν;
842 2262 908 2316 Τί
944 2281 1025 2317 σοι
1055 2266 1213 2335 χρεία
1242 2266 1572 2338 φαρμάκους
1607 2268 1837 2339 μὴ’δέξη
1877 2267 2093 2339 πληγὴν
2120 2280 2170 2332 α,

597 2344 673 2413 μὴ
701 2343 790 2397 τὸν
814 2346 1004 2416 χρόνον
1029 2347 1308 2421 ἀναλώσῃς
1330 2350 1409 2413 εἰς
1433 2349 1493 2401 τὸ
1520 2350 1865 2420 θεραπεύειν,
1895 2350 1932 2404 ἀ
1956 2350 2171 2422 λαμϐά-

655 2462 685 2493 ⁸
709 2462 848 2515 0011).
869 2466 1145 2529 φαρμάκους
1170 2468 1234 2529 μὴ
1260 2468 1408 2529 λάϐῃς
1428 2466 1637 2531 τραῦμα,
1663 2470 1727 2529 μὴ
1751 2469 1856 2530 δέξῃ
1876 2469 2078 2529 πληγήν.

1276 331 1335 387 5.
1368 332 1654 388 JOANNIS
1690 333 2177 393 ειηιῐεοδῑοιιι

2287 337 2536 404 ιειιιειξ.
2577 332 3121 392 (ΖΟΝΞΤΔΝΤΙΝΟΡ.

3735 328 3836 388 75!

2275 466 2388 513 νεις
2415 449 2546 521 παρ’
2568 446 2788 518 ἐτέρων,
2825 445 2918 499 καὶ
2953 443 3119 515 εχεις·
3152 443 3261 499 ἀπὸ
3286 442 3397 496 τῶν
3416 442 3576 498 θείων
3616 444 3850 517 Γραφῶν

2273 536 2337 589 τὸ
2362 536 2517 604 ὑγιές
2550 532 2862 605 συγκρότει,
2896 531 3001 585 κάν
3034 528 3314 603 προσέλθῃ
3345 547 3430 593 τις
3470 530 3661 601 ῑτερόν
3692 547 3746 583 τι
3765 530 3848 584 λέ-

2275 641 2411 694 γων,
2437 621 2755 694 ἀπόφραξον
2791 620 2863 675 τά
2903 613 3041 687 ὦτα,
3092 618 3445 691 ἀποπήδησον
3499 617 3735 683 εὐθέως,
3778 617 3855 689 μὴ

2274 712 2618 784 ἐγχρονίσῃς.
2648 709 2761 764 Καὶ
2788 711 2859 774 εἰ,
2914 707 3060 763 κατά
3086 707 3356 778 βασιλέων
3408 705 3669 774 συλλόγου
3698 721 3854 774 γενο-

2278 799 2465 870 μένου,
2494 800 2597 853 οὐκ
2622 797 2689 853 ἀν
2716 796 2946 867 ἠνέσχου
2988 796 3282 867 μετασχεῖν
3306 792 3409 847 τοῦ
3444 794 3753 864 συνεδρίου,
3780 790 3856 855 ὸς

2273 889 2342 959 τῇ
2368 884 2621 956 κοινωνίᾳ
2642 884 2743 955 τῆς
2777 884 3117 956 ἀκροάσεως,
3148 883 3200 936 εἰ
3228 882 3323 936 καὶ
3353 881 3430 952 μὴ
3457 880 3855 951 συγκατάθεσις

2274 974 2505 1044 γένοιτο,
2539 970 2899 1027 κινδυνεύσων
2929 971 3169 1034 πάντως·
3223 970 3355 1024 δταν
3405 968 3551 1044 κατά
3598 966 3739 1022 Θεοῦ
3774 967 3850 1022 λέ-

2275 1041 2441 1135 γηταί
2488 1078 2561 1125 τι,
2621 1058 2716 1114 καί⁵
2761 1058 2936 1130 δόγμα
2969 1057 3070 1129 τῆς
3106 1055 3273 1111 αὑτοῦ
3312 1054 3482 1126 γέμον
3512 1041 3857 1126 κατηγορίας

2274 1148 2639 1221 γυμνάζηται,
2670 1147 2772 1201 οὑκ
2819 1144 3125 1219 ἀποφεύξῃ.
3178 1144 3242 1198 οὑ
3293 1143 3550 1215 μισήσεις
3588 1140 3691 1211 τὴν
3729 1140 3861 1211 βλά-

2277 1253 2494 1309 σφημον
2525 1233 2793 1304 γλῶτταν,
2820 1233 2923 1287 οὑκ
2946 1228 3250 1304 ἐμφράξας
3274 1229 3345 1284 τά
3392 1229 3532 1285 ἀθεα
3573 1226 3856 1298 στόματας

2278 1326 2388 1381 Καὶ
2442 1323 2562 1389 πῶς
2612 1324 2820 1395 δυνήσῃ
2875 1321 3017 1393 μετά
3086 1320 3404 1393 παρρησίας
3460 1317 3723 1389 εὔχεσθαι
3769 1318 3859 1371 τόν

2274 1413 2409 1468 Θεὸν
2425 1413 2477 1478 δ,
2506 1414 2625 1477 ταῖς
2680 1409 2958 1474 διαϐολαῖς
3004 1410 3126 1473 ταῖς
3170 1407 3293 1461 κατ’
3334 1405 3505 1462 αὑτοῦ
3552 1405 3861 1471 κοινωνῶνς

2276 1496 2729 1570 Μὴ,παρακαλῶ.
2752 1495 2938 1549 Ταῦτά
2963 1512 3054 1567 μοι
3071 1494 3146 1553 ,οὑ
3168 1493 3306 1566 πρὸς
3333 1494 3460 1556 τοὺς
3483 1493 3764 1563 παρόντας
3787 1492 3863 1545 εί.

2277 1599 2463 1661 ρηταη
2489 1585 2690 1657 μᾶλλον
2716 1583 2881 1638 δὲκαὶ
2898 1582 3037 1655 πρὸς
3056 1584 3185 1647 τοὺς
3212 1581 3509 1654 παρόντας.
3543 1581 3607 1635 Εἰ
3630 1580 3744 1651 γάρ
3770 1581 3867 1633 καὶ

2279 1676 2439 1746 ὑμεῖς
2456 1671 2761 1735 ἀνεύθυνοι,
2778 1668 3160 1734 ἀλλὀὑστινας
3189 1670 3301 1723 ῐστε
3333 1667 3543 1737 ταύτην
3571 1666 3865 1731 νοσοῦντας

2273 1760 2373 1831 τὴν
2404 1757 2801 1822 νόσον,τούτοις
2820 1758 2914 1811 καὶ
2934 1756 3143 1829 ἑτέροις
3168 1755 3409 1810 πλείοσιν
3436 1755 3743 1810 ἐπαντλάτε
3769 1756 3869 1825 ρήο

2280 1863 2467 1917 μασιν,
2503 1845 2645 1899 ῶστε
2668 1843 2965 1916 πρόρριζον
2997 1843 3311 1898 ἀνασπάσαι
3336 1842 3397 1896 τὺ
3419 1842 3614 1898 κακόν.
3647 1842 3871 1895 Γένοιτο

2273 1935 2331 1989 δὲ
2358 1936 2549 2005 εὐχαῖς
2567 1933 2677 1987 τῶν
2700 1933 2871 2002 ἁγίων
2896 1933 2993 1986 καὶ
3029 1931 3200 2001 φίλων
3239 1931 3335 1985 τοῦ
3370 1930 3508 1985 θεοῦ
3543 1932 3628 2000 (οὑ
3652 1931 3767 2003 γάρ
3801 1930 3870 2001 δὴ

2274 2021 2529 2077 τοσοῦτον
2550 2019 2711 2092 ἡμῶν
2748 2019 2922 2091 ἰσχύει
2964 2020 3034 2074 τὰ
3061 2021 3310 2091 ῥήματα,
3352 2019 3476 2073 ὅσον
3503 2017 3609 2088 τῆς
3638 2017 3871 2070 ἐκείνων

2279 2106 2444 2176 εὐχῆς
2469 2106 2503 2176 ἡ
2530 2104 2859 2177 παρρησία),
2888 2103 3103 2173 γένοιτο
3150 2104 3361 2166 πάντας
3408 2104 3581 2173 ἡμᾶς,
3617 2102 3717 2155 καὶ
3753 2102 3871 2154 ὅσοι

2281 2194 2419 2264 πρὸς
2446 2194 2507 2247 τὺ
2531 2193 2808 2265 πλήρωμα
2829 2193 2930 2263 τῆς
2956 2192 3285 2263 Ἐκκλησίας
3306 2190 3641 2251 συντελοῦσι,
3660 2188 3875 2243 τούτων

2278 2279 2695 2349 ἀπαλλαγέντας
2736 2278 2848 2333 τῶν
2898 2277 3105 2341 κακῶν,
3145 2276 3285 2348 μετά
3323 2276 3641 2349 παρρησίας
3676 2275 3875 2345 στῆναι

2277 2362 2589 2437 ἔμπροσθεν
2603 2365 2699 2419 τοῦ
2715 2364 2958 2436 βήματος
2976 2362 3073 2417 τοῦ
3100 2362 3363 2435 Χριστοῦ,
3383 2356 3429 2433 ᾧ
3446 2365 3480 2434 ἡ
3495 2362 3648 2429 δόξα.
3669 2363 3727 2415 ’Δ
3737 2364 3873 2435 μήν.

2342 2469 2374 2509 δ
2395 2470 2535 2522 Colb.
2553 2473 2624 2535 τῷ
2645 2472 2773 2534 Θεῷ.

1267 2704 1527 2789 ΠΕΡΙ
1564 2703 2287 2789 ΕΙΜΑΡΜΕΝΗΣ
2339 2705 2533 2789 ΚΑΙ
2591 2703 3184 2790 ΠΡΟΝΟΙΑΣ.

1230 2944 1423 3014 Λόγος
1456 2951 1530 3013 γε.

667 3024 801 3083 Οἶδα
827 3026 1020 3098 πρῴην
1049 3026 1178 3096 περί
1206 3026 1550 3098 εἱμαρμένης
1571 3024 1743 3079 εἰπὼν
1764 3026 1901 3097 πρὸς
1924 3025 2025 3103 τὴν
2046 3026 2183 3098 ὑμε-

596 3114 762 3184 τέραν
792 3111 1035 3181 ἀγάπην,
1072 3109 1185 3163 ἀλλ’
1209 3110 1361 3165 οὐδὲν
1406 3108 1605 3163 κωλύει
1661 3111 1755 3161 καὶ
1790 3106 2031 3180 τήμερον
2055 3109 2185 3179 περ)⁵

597 3197 701 3268 τῆς
728 3194 899 3265 αὐτῆς
925 3193 1236 3257 ὑποθέσεως
1255 3193 1536 3263 γυμνάσαι
1556 3192 1648 3246 τὸν
1674 3191 1849 3261 λόγον·
1869 3192 1970 3245 οὑκ
1994 3192 2185 3263 ἐπειδὴ

597 3279 660 3334 τὸ
680 3276 854 3341 πάθος
880 3275 1032 3330 ἐστὶν
1066 3275 1307 3347 ἰσχυρὸν,
1326 3274 1443 3329 ἀλλ’
1464 3274 1702 3345 ἐπειδὴή
1732 3273 1975 3345 ῥᾳθυμία
1989 3273 2148 3344 ἡμῶν
2164 3276 2184 3298 "

598 3364 745 3416 ἑστιν
774 3360 1001 3430 ἀφατος,
1032 3360 1066 3431 ὴ
1114 3358 1207 3413 καὶ
1246 3357 1313 3411 τά
1352 3356 1524 3429 μικρά
1556 3356 1771 3428 μεγάλα
1810 3354 2043 3409 ποιοῦσα
2080 3355 2186 3410 τῶν

601 3444 945 3515 νοσημάτων.
998 3442 1155 3496 Ἐπεὶ
1206 3443 1302 3497 καὶ
1327 3438 1515 3510 τυφλῷ
1538 3440 1695 3511 δῆλόν
1724 3440 1843 3492 ἐστι
1891 3438 2073 3507 φύσει,
2102 3439 2185 3493 ὅτι

601 3530 694 3584 τὸν
727 3528 921 3581 πιστὸν
948 3525 1072 3580 οὑδέ
1104 3524 1279 3594 λόγων
1299 3523 1421 3577 οὑδέ
1450 3521 1802 3585 διδασκαλίας
1826 3520 2039 3574 δεῖσθαι
2078 3519 2187 3592 χρὴ

602 3612 741 3681 πρὸς
761 3611 861 3681 τὴν
881 3608 975 3663 τοῦ
1002 3607 1176 3662 κακοῦ
1205 3606 1397 3660 τούτου
1426 3605 1626 3675 φυγήν.
1660 3603 1930 3674 Καθάπερ
1956 3602 2068 3675 γὰρ
2094 3602 2187 3656 τὸν

602 3692 856 3748 οἰκοῦντα
884 3690 984 3763 τὴν
1016 3690 1138 3745 καθ’
1170 3690 1322 3761 ἡμᾶς
1346 3686 1695 3758 οἰκουμένην,
1713 3685 1807 3739 καί
1827 3686 2013 3757 νόμοις
2035 3684 2184 3758 [761]

602 3774 1018 3846 πολιτευόμενον
1048 3775 1158 3837 τοῖς
1204 3772 1335 3843 παρ’
1385 3771 1539 3841 ἡμῖν,
1581 3770 1678 3823 καὶ
1707 3768 2018 3839 βασιλεῦσιν
2052 3770 2188 3822 ὑπο-

602 3858 933 3929 τεταγμένον
960 3859 1074 3920 τοῖς
1099 3855 1304 3919 αὐτοῖς,
1329 3854 1392 3908 οὑ
1420 3854 1503 3907 δεῖ
1532 3851 1763 3916 πείθειν,
1800 3853 1884 3906 ὅτι
1921 3853 2019 3925 τὴν
2049 3855 2191 3923 Περ-

607 3943 767 4012 σικὴν
791 3940 1071 3994 πολιτείαν
1101 3940 1160 3993 ἐν
1178 3940 1247 4010 τῇ
1275 3936 1525 4009 ἡμετέρᾳ
1540 3935 1784 4003 εἰσάγειν
1797 3946 1822 3976 ι
1838 3935 1900 3988 οὑ
1926 3936 2054 4007 χρὴ,
2073 3937 2189 3990 ἀλλ’

606 4023 971 4094 ἀπαγορεύειν
1008 4021 1185 4093 μόνον·
1219 4020 1362 4074 οὑτω
1389 4017 1453 4089 δὴ
1498 4017 1594 4071 καὶ
1630 4017 1886 4071 ἐνταῦθα.
1920 4017 2042 4073 Τῶν
2082 4018 2193 4091 γάρ

607 4108 1026 4179 ἁμαρτημάτων
1060 4104 1128 4159 τά
1182 4104 1281 4176 μέν
1332 4105 1450 4156 ἐστι
1499 4100 1660 4169 λόγου
1713 4099 1943 4171 δεόμενα
1982 4102 2076 4155 καὶ
2118 4101 2193 4155 δι-

606 4190 923 4254 δασκαλίας,
949 4188 1018 4243 τά
1072 4186 1131 4241 δὲ
1172 4185 1316 4239 οὑτω
1365 4181 1577 4256 φανερά
1612 4183 1707 4237 καὶ
1740 4182 1897 4254 δῆλα,
1935 4183 2011 4247 ώς
2042 4183 2195 4255 φόϐῳ

609 4276 705 4328 καὶ
732 4273 973 4345 τιμωρία
1006 4271 1145 4343 μόνῃ
1190 4266 1516 4324 κωλύεσθαι·
1563 4260 1676 4320 οἷον
1724 4264 1787 4319 τὸ
1827 4266 2100 4335 φονεύειν,
2132 4267 2195 4319 τὸ

613 4357 905 4428 μοιχεύειν,
938 4354 999 4410 τὸ
1017 4354 1291 4415 κλέπτειν,
1327 4352 1388 4403 οὒ
1418 4350 1587 4402 δεῖται
1615 4348 1807 4417 λόγων·
1833 4349 1902 4402 δι’
1928 4349 2066 4420 ὅπερ
2096 4350 2192 4403 καὶ

610 4444 639 4494 ό
684 4439 979 4511 νομοθέτης
1011 4437 1132 4508 οὑχὶ
1173 4432 1523 4489 διδασκαλίαν
1568 4431 1710 4501 ὑπὲρ
1761 4431 1968 4485 τούτων
2008 4431 2195 4485 συντέ-

612 4524 761 4578 θεικε
790 4520 1162 4594 περιηχοῦσαν
1192 4520 1376 4591 ἡμᾶς,
1407 4517 1490 4570 ὅτι
1532 4516 1594 4569 τὸ
1650 4515 1883 4586 πρᾶγμα
1927 4516 2194 4585 πονηρόν·

614 4607 1035 4681 προκατειλήφει
1064 4604 1174 4675 γὰρ
1207 4603 1354 4673 ἡμᾶς
1403 4600 1481 4671 τῷ
1509 4596 1791 4681 λογισμῷνο
1850 4596 1985 4651 ἀλλά
2036 4598 2197 4681 μόνον

613 4679 1011 4760 ἀπηγόρευσεν,
1046 4688 1110 4740 οὑ
1151 4683 1487 4756 μοιχεύσεις,
1517 4683 1579 4735 οὑ
1612 4680 1913 4749 φονεύσεις.
1953 4681 2120 4734 Ὅταν
2140 4679 2198 4733 δέ

615 4763 747 4844 περὶ
775 4771 961 4845 χηρῶν
992 4768 1292 4843 ὑπεροψίας
1327 4767 1422 4821 καὶ
1453 4763 1932 4837 παρακαταθηκῶν
1961 4781 2201 4837 κακουρ-

617 4859 743 4925 γίας
771 4844 903 4927 ἡμῖν
921 4854 1256 4924 διαλέγηται,
1283 4850 1379 4905 καὶ
1411 4849 1703 4919 λογισμοὺς
1739 4847 1971 4919 τίθησιν,
2011 4844 2209 4918 Ἑλέψ

616 4955 733 4994 σον
746 4939 862 5007 τὴν
882 4938 1095 5008 χήραν,
1111 4936 1265 5007 φησὶ,
1284 4934 1382 4988 καί
1401 4932 1514 4987 ’τόν
1535 4931 1925 5000 προσήλυτον
1939 4946 1954 4963 ’
1972 4932 2071 4985 καί
2093 4930 2201 5002 γὰρ

619 5022 718 5077 καί
747 5021 829 5077 σὺ
858 5020 1245 5091 προσήλυτος
1267 5014 1432 5089 ἦσθα
1449 5015 1521 5069 ἐν
1545 5012 1928 5084 τῇΑίγύπτῳ.
1953 5012 2025 5067 Τὸ
2058 5014 2203 5067 σάϐ-

618 5108 801 5160 ϐατον
818 5105 993 5173 ἀργίᾳ
1012 5103 1169 5171 τίμα,
1187 5100 1372 5172 φησίν·
1390 5094 1513 5152 εἶτα
1531 5099 1625 5151 καὶ
1646 5097 1901 5168 λογισμὸν
1921 5097 2134 5168 τίθησιν
2148 5098 2198 5150 δ.

689 5187 764 5240 Τὸ
790 5187 969 5239 τοίνυν
1008 5185 1347 5255 εἱμαρμένης
1384 5180 1688 5251 ἀπέχεσθαι
1709 5221 1722 5241 ,
1748 5180 1809 5233 οὑ
1845 5180 2051 5233 τούτων
2085 5178 2203 5233 ἐστί

620 5273 731 5327 τῶν
775 5271 1047 5341 δεομένων
1090 5265 1387 5338 λογισμοῦ,
1437 5264 1552 5319 ἀλλ’
1597 5264 1819 5318 ἐκείνων
1863 5263 1972 5317 τῶν
2002 5263 2200 5334 δήλων.

624 5359 834 5426 Ὠσπερ
857 5355 965 5425 γάρ
992 5353 1151 5423 δῆλον
1190 5353 1271 5405 ὅτι
1326 5348 1564 5422 πονηρὸν
1612 5348 1675 5401 τὸ
1722 5346 1965 5419 φονεύειν
2022 5348 2116 5400 καὶ¹
2143 5346 2204 5401 τὸ

628 5439 898 5512 μοιχεύειν
924 5436 1145 5506 φαῦλον,
1160 5434 1301 5489 οὑτω
1322 5433 1478 5505 δῆλον
1499 5433 1582 5486 ὅτι
1600 5431 1660 5484 τὸ
1683 5431 1973 5501 προσέχειν
1999 5432 2197 5501 εἱμαρ-

629 5524 763 5594 μένῃ
820 5521 1053 5591 πονηρὴν
1101 5519 1197 5572 κα)⁵
1247 5514 1720 5587 ἀπηγορευμένον.
1774 5515 1865 5585 Μὴ
1941 5514 2049 5585 γὰρ
2094 5515 2200 5568 ἀπὸ

691 5621 707 5640 '
732 5622 811 5668 Sic
832 5632 859 5667 e
902 5618 1103 5675 Samio,
1128 5616 1329 5673 rectius,
1353 5615 1407 5661 ul
1450 5612 1589 5661 nobis
1614 5612 1825 5659 videtur.
1855 5610 2024 5659 Mount.
2048 5613 2199 5672 ὑμῶν.

634 5681 833 5790 Εηέτείρ
859 5741 1021 5798 (101b,,
1043 5740 1223 5788 melius
1246 5750 1389 5797 quam
1414 5735 1557 5798 i_|_!ud,
1584 5733 1825 5781 πολιτείαν
1845 5735 2076 5798 ὁσημέραι
2104 5736 2201 5783 εἰσ-

628 5796 1555 5871 ἁγςιιν,ιίιιιὴυι]-ιιιιιρο-ιςερίιειιιιτ.ξονι.
1602 5859 1612 5871 Ι
1708 5858 1760 5871 ι.
1842 5859 1854 5871 η

698 5867 725 5906 h
754 5858 897 5929 Ηὶίιιι,
926 5865 1027 5916 εἶτα
1046 5864 1127 5911 καί
1148 5858 1372 5924 λογισμὸν
1388 5860 1559 5919 τίθησι,
1585 5859 1723 5906 deest
1752 5858 1799 5905 'm
1824 5858 1954 5909 Culb.

2285 2944 2394 2999 τῶν
2429 2943 2769 3014 πειθομένων
2807 2944 3060 3015 νομίζετε
3107 2942 3241 2997 αὑτὸ
3282 2940 3421 2997 εἶναι
3449 2941 3560 2996 τῶν
3591 2943 3669 3015 μὴ
3696 2960 3881 2997 κεκω-

2285 3028 2560 3099 λυμένων·
2603 3028 2725 3080 ἐπεὶ
2762 3027 2857 3080 καὶ
2889 3027 3048 3097 φόνος
3086 3024 3353 3097 τολμᾶταί
3378 3065 3393 3089 ,
3431 3027 3525 3079 καὶ
3562 3026 3879 3083 κεκώλυται

2286 3110 2440 3182 παρά
2471 3112 2585 3174 τοῖς
2624 3110 2842 3181 νόμοις,
2877 3111 2973 3178 καὶ
3018 3110 3077 3163 αἰ
3110 3110 3348 3180 μοιχεῖαι
3393 3110 3489 3163 καὶ
3536 3110 3594 3163 αἰ
3622 3109 3881 3182 ἁρπαγαὶ

2283 3192 2393 3247 τῶν
2419 3192 2887 3265 ἀπηγορευμένων
2915 3191 3045 3255 εἰσὶ,
3067 3192 3244 3245 καίτοι
3268 3191 3565 3263 δρωμένων
3586 3192 3744 3264 παρά
3773 3194 3883 3247 τῶν

2286 3275 2517 3329 πολλῶν.
2565 3276 2720 3328 Ἐπεὶ
2742 3276 2825 3329 ὅτι
2844 3291 2909 3344 γε
2935 3274 3044 3328 τῶν
3066 3274 3465 3345 κεκωλυμένων
3488 3276 3661 3340 ἐστὶν,
3688 3276 3887 3349 ῶσπερ

2284 3362 2313 3413 ὁ
2339 3359 2519 3429 φόνος,
2546 3357 2700 3429 παρά
2724 3360 2838 3421 τοῖς
2864 3358 3053 3428 νόμοις
3085 3358 3269 3421 αὑτοῖς
3288 3360 3402 3422 τοῖς
3430 3357 3539 3411 τῶν
3585 3358 3884 3430 Ἑλλήνων,

2285 3442 2348 3495 τὸ
2375 3444 2441 3513 τῇ
2477 3441 2691 3510 γενέσει
2727 3439 3049 3503 πείθεσθαι,
3084 3438 3371 3511 παρελθών
3404 3455 3491 3503 τις
3514 3441 3630 3494 τῶν
3660 3457 3889 3511 μοιχευ-

2287 3526 2498 3579 σάντων
2530 3524 2629 3594 τὴν
2655 3522 2751 3576 τοῦ
2794 3522 2966 3588 δεῖνος
3008 3525 3265 3595 γυναῖκα,
3312 3523 3799 3595 κατηγορούμενος
3828 3524 3889 3577 ἐν

2286 3593 2623 3679 δικαστηρίῳ
2667 3606 2893 3675 λεγέτω,
2937 3607 3021 3660 ὅτι
3070 3607 3172 3661 οὑκ
3219 3593 3351 3675 ἐγὼ,
3378 3593 3564 3677 ἀλλ’ἢ
3620 3593 3887 3675 γένεσις’

2288 3690 2399 3761 ἐγὼ
2441 3692 2540 3763 μὲν
2586 3691 2695 3762 γάρ
2753 3692 3051 3763 σωφρονεῖν
3096 3689 3432 3761 ἐϐουλόμην,
3484 3689 3672 3761 ἐκείνη
3714 3690 3776 3743 δέ
3820 3709 3892 3762 με

2288 3769 2400 3830 ὧσε
2428 3775 2526 3830 καὶ¹
2576 3773 2864 3828 ἐνέϐαλεν·
2914 3770 3024 3846 ἀρα
3069 3772 3132 3826 οὑ
3158 3772 3248 3826 διὰ
3285 3772 3447 3826 τοῦτο
3490 3773 3893 3845 χαλεπωτέραν

2288 3857 2450 3912 δώσει
2492 3857 2671 3927 δίκην,
2711 3856 2788 3921 ώς
2836 3857 3226 3925 καταγέλαστα
3274 3854 3895 3929 ἀπλογούμενοςςᾶρα

2292 3939 2621 4011 συγγνώμης
2636 3938 2880 4003 τεύξεταί
2906 3956 3086 4006 τινος;
3117 3938 3404 4009 Οὐδαμῶς.
3439 3939 3552 4015 Ῐςαί
3582 3940 3693 4010 μὴν
3714 3941 3893 4012 ἐχρῆν

2292 4024 2413 4080 κατ’
2447 4024 2710 4087 ἐκείνους.
2756 4024 2820 4076 Εἰ
2846 4022 2957 4094 γάρ
3002 4022 3216 4092 γενέσει
3247 4021 3424 4075 πάντα
3457 4023 3552 4075 καί
3596 4023 3659 4076 ού
3694 4040 3896 4095 προαι-

2298 4108 2443 4178 ρέσει
2470 4108 2680 4176 γίνεται
2718 4116 2768 4171 ο,
2810 4104 3017 4176 ταύτης
3047 4104 3251 4174 μείζων
3275 4103 3377 4157 οὑκ
3415 4103 3563 4159 ἔστιν
3590 4105 3891 4176 ἀπολογία.

2296 4191 2359 4243 Εἰ
2396 4192 2496 4260 μὲν
2523 4190 2631 4262 γὰρ
2652 4191 2818 4262 κυρία
2842 4189 2938 4243 καὶ
2973 4188 3321 4259 δυνατωτέρα
3348 4188 3463 4240 ἐστὶ
3490 4188 3591 4258 τῆς
3613 4189 3893 4256 γενέσεως

2295 4276 2329 4345 ἡ
2367 4274 2710 4347 προαίρεσις,
2740 4272 2841 4326 οὑκ
2875 4272 2942 4326 ἂν
2966 4270 3053 4342 εἰη
3087 4270 3300 4338 γένεσις
3322 4286 3339 4301 ο
3373 4269 3547 4323 εἰκάν
3578 4272 3753 4343 μυρία
3782 4291 3893 4344 μη.

2296 4355 2598 4428 χανήσηταί
2644 4373 2733 4419 τις
2757 4395 2773 4418 ,
2802 4355 3017 4425 ἀνάγκη
3064 4352 3135 4407 τὰ
3166 4352 3629 4424 ἐπιτάγματα·τά
3667 4357 3894 4428 ἐκείνης

2297 4439 2658 4512 πληροῦσθαι,
2686 4438 2862 4509 μάτην
2896 4431 3051 4501 οὗτος
3082 4434 3402 4502 κολάζεται,
3426 4436 3603 4489 καὶοὺ
3634 4437 3894 4504 τεύξεται

2299 4522 2630 4595 συγγνώμης
2656 4541 2670 4554 ’
2715 4521 2830 4575 ἀλλ’
2853 4520 3029 4583 οὐδεὶς
3073 4518 3237 4573 αὑτοῦ
3255 4518 3379 4572 οὑτε
3420 4519 3890 4591 ἀπολογουμένου,

2296 4607 2419 4661 οὔτε
2474 4608 2732 4678 τυχόντος
2776 4606 3107 4674 συγγνώμης
3160 4602 3491 4657 ἀκούσεται·
3543 4601 3691 4656 οὑτω
3736 4605 3896 4675 παρά

2298 4694 2434 4746 πᾶσι
2464 4692 2527 4744 τὸ
2558 4692 2791 4760 πρᾶγμα
2837 4686 3208 4757 διαϐέϐληται,
3256 4686 3353 4740 καὶ
3392 4684 3561 4757 μῦθος
3604 4682 3747 4740 εἶναι
3797 4690 3893 4742 καὶ

2298 4773 2464 4843 λῆρος
2493 4773 2659 4825 δοκεῖ.
2695 4770 2886 4824 Πολλοί
2909 4787 2969 4824 τε
3013 4768 3121 4823 τῶν
3167 4768 3443 4840 ἀρχόντων
3484 4768 3689 4838 (καίτοι
3734 4786 3801 4837 γε
3842 4773 3891 4824 εἰ

2301 4855 2451 4927 παρά
2483 4853 2773 4925 ἀνθρώπου
2822 4852 2982 4907 πάθοι
3022 4851 3165 4922 βίαν,
3212 4853 3375 4922 ἀρκεῖ
3418 4849 3554 4921 πρὸς
3586 4850 3895 4920 ἀπολογίαν

2300 4938 2431 4991 αὑτὸ
2456 4938 2614 4991 τοῦτο
2643 4935 3061 5007 ἐγκαλουμένῳ,
3097 4933 3300 5005 μᾶλλον
3330 4933 3450 4986 οὑδὲ
3483 4931 3742 5004 ἔγκλημα
3783 4934 3895 4988 λοι-

2303 5022 2402 5074 πὸν
2436 5017 2571 5074 εἶναι
2604 5019 2797 5091 δοκεῖ),
2828 5018 3013 5072 πολλοὶ
3041 5017 3173 5086 γοῦν
3201 5017 3311 5070 τῶν
3342 5017 3642 5087 ἀρχόντων,
3675 5018 3774 5071 ἐπὶ
3798 5020 3894 5085 φό-

2303 5122 2414 5169 νοις
2446 5104 2651 5166 άδίκοις
2682 5100 3151 5173 κατηγορηθέντες
3170 5140 3185 5165 ,
3220 5098 3375 5169 δίκην
3418 5099 3610 5153 ἔδοσαν
3630 5141 3645 5165 ,
3673 5100 3807 5164 τοὺς
3836 5102 3893 5153 δὲ

2302 5186 2529 5257 δημίους
2562 5186 2689 5249 τοὺς
2718 5184 3165 5255 διακονουμένους
3198 5181 3275 5251 τῷ
3308 5182 3472 5252 φόνῳ,
3518 5181 3613 5233 καί⁸
3644 5183 3895 5252 αὐτόχει-

2310 5287 2406 5343 ρας
2438 5271 2838 5343 γεγενημένους
2863 5270 2960 5339 τῆς
2994 5268 3228 5337 σφαγῆς,
3254 5266 3375 5319 οὑδὲ
3417 5266 3498 5329 εἰς
3533 5266 3892 5337 δικαστήριον

2306 5354 2527 5409 ἑλκύσαι
2582 5372 2687 5417 τις,
2745 5354 2859 5408 ἀλλ’
2901 5352 3020 5405 οὑδὲ
3067 5352 3338 5423 ζητῆσαι,
3388 5349 3488 5420 τὴν
3536 5348 3734 5419 ἀρχὴν,
3794 5350 3894 5417 τῆς

2306 5438 2551 5507 ἀνάγκης
2601 5438 2743 5509 ὑπὲρ
2780 5435 2961 5490 αὑτῶν
3000 5434 3463 5503 ἀπολογουμένης,
3509 5434 3603 5488 καὶ
3646 5432 3744 5485 τοῦ
3793 5432 3893 5502 τῆς

2307 5524 2485 5592 ἀρχῆς
2533 5521 2867 5591 ἀξιώματος,
2923 5518 3015 5573 καὶ⁵
3075 5518 3171 5571 τοῦ
3224 5518 3324 5587 τῆς
3378 5514 3656 5584 ὑποταγῆς
3701 5515 3890 5583 φόϐου.

2312 5602 2446 5658 Εἶτα
2504 5604 2773 5675 ἀνθρώπῳ
2828 5605 2924 5675 μὲν
2974 5604 3119 5658 ἴσασι
3172 5600 3599 5671 συγγινώσκειν,
3660 5600 3753 5651 ὑπ’
3800 5601 3891 5653 ἀνο

2377 5796 2397 5821 θ
2422 5793 2757 5841 Com-uinum
2788 5794 2889 5842 Cum}.
2937 5790 3206 5853 srquimur.
3239 5790 3414 5840 Morel.
3452 5792 3501 5837 cl
3525 5783 3679 5835 Saxil.
3707 5784 3785 5832 καὶ
3834 5782 3883 5830 οὗ

2315 5857 2507 5912 πονήσει
2534 5856 2647 5916 γένεϊ
2660 5871 2719 5903 3.2.
