  <div class='ocr_page' id='page_1' title='image "/cluster/home/n/w/nwhite01/storage/ocr_20150623/50/ien.35556001660778/356.png"; bbox 0 0 4084 6492; ppageno 0'>
   <div class='ocr_carea' id='block_1_1' title="bbox 206 391 299 445">
    <p class='ocr_par' dir='ltr' id='par_1_1' title="bbox 206 391 299 445">
     <span class='ocr_line' id='line_1_1' title="bbox 206 391 299 445; baseline -0.022 0"><span class='ocrx_word' id='word_1_1' title='bbox 206 391 299 445; x_wconf 67' lang='lat'><strong>757</strong></span> 
     </span>
    </p>
   </div>
   <div class='ocr_carea' id='block_1_2' title="bbox 213 488 1797 575">
    <p class='ocr_par' dir='ltr' id='par_1_2' title="bbox 213 488 1797 575">
     <span class='ocr_line' id='line_1_2' title="bbox 213 488 1797 575; baseline -0.003 -13"><span class='ocrx_word' id='word_1_2' title='bbox 213 518 434 563; x_wconf 81' lang='lat' dir='ltr'><strong>vestram</strong></span> <span class='ocrx_word' id='word_1_3' title='bbox 455 513 775 563; x_wconf 88' lang='lat' dir='ltr'><strong>metuentes.</strong></span> <span class='ocrx_word' id='word_1_4' title='bbox 808 505 971 562; x_wconf 83' lang='lat' dir='ltr'><strong>Nobis</strong></span> <span class='ocrx_word' id='word_1_5' title='bbox 995 503 1136 560; x_wconf 87' lang='lat' dir='ltr'><strong>enim</strong></span> <span class='ocrx_word' id='word_1_6' title='bbox 1171 518 1270 575; x_wconf 88' lang='lat' dir='ltr'><strong>per</strong></span> <span class='ocrx_word' id='word_1_7' title='bbox 1297 501 1391 560; x_wconf 88' lang='lat' dir='ltr'><strong>Dei</strong></span> <span class='ocrx_word' id='word_1_8' title='bbox 1422 503 1648 574; x_wconf 92' lang='lat' dir='ltr'><strong>gratiam</strong></span> <span class='ocrx_word' id='word_1_9' title='bbox 1673 488 1797 558; x_wconf 86' lang='lat' dir='ltr'><strong>illo-</strong></span> 
     </span>
    </p>
   </div>
   <div class='ocr_carea' id='block_1_3' title="bbox 213 593 1801 672">
    <p class='ocr_par' dir='ltr' id='par_1_3' title="bbox 213 593 1801 672">
     <span class='ocr_line' id='line_1_3' title="bbox 213 593 1801 672; baseline -0.003 -16"><span class='ocrx_word' id='word_1_10' title='bbox 213 615 322 656; x_wconf 87' lang='lat' dir='ltr'><strong>rum</strong></span> <span class='ocrx_word' id='word_1_11' title='bbox 347 600 476 655; x_wconf 88' lang='lat' dir='ltr'><strong>scita</strong></span> <span class='ocrx_word' id='word_1_12' title='bbox 505 597 821 655; x_wconf 83' lang='lat' dir='ltr'><strong>ara&#39;ncarum</strong></span> <span class='ocrx_word' id='word_1_13' title='bbox 854 599 994 672; x_wconf 38' lang='lat' dir='ltr'><strong>telis.</strong></span> <span class='ocrx_word' id='word_1_14' title='bbox 1022 596 1368 652; x_wconf 80' lang='lat' dir='ltr'><strong>imbecilliora</strong></span> <span class='ocrx_word' id='word_1_15' title='bbox 1413 596 1680 659; x_wconf 86' lang='lat' dir='ltr'><strong>videntur,</strong></span> <span class='ocrx_word' id='word_1_16' title='bbox 1711 593 1801 666; x_wconf 88' lang='lat' dir='ltr'><strong>qui</strong></span> 
     </span>
    </p>
   </div>
   <div class='ocr_carea' id='block_1_4' title="bbox 212 687 1802 754">
    <p class='ocr_par' dir='ltr' id='par_1_4' title="bbox 212 687 1802 754">
     <span class='ocr_line' id='line_1_4' title="bbox 212 687 1802 754; baseline -0.002 -9"><span class='ocrx_word' id='word_1_17' title='bbox 212 705 387 747; x_wconf 68' lang='lat' dir='ltr'><strong>arturus</strong></span> <span class='ocrx_word' id='word_1_18' title='bbox 412 692 465 746; x_wconf 92' lang='lat' dir='ltr'><strong>in</strong></span> <span class='ocrx_word' id='word_1_19' title='bbox 493 689 598 747; x_wconf 85' lang='lat' dir='ltr'><strong>ﬁde</strong></span> <span class='ocrx_word' id='word_1_20' title='bbox 619 689 844 754; x_wconf 87' lang='lat' dir='ltr'><strong>fundati,</strong></span> <span class='ocrx_word' id='word_1_21' title='bbox 868 689 1074 744; x_wconf 81' lang='lat' dir='ltr'><strong>etiamsi</strong></span> <span class='ocrx_word' id='word_1_22' title='bbox 1097 688 1291 743; x_wconf 83' lang='lat' dir='ltr'><strong>millies</strong></span> <span class='ocrx_word' id='word_1_23' title='bbox 1317 687 1385 741; x_wconf 89' lang='lat' dir='ltr'><strong>ad</strong></span> <span class='ocrx_word' id='word_1_24' title='bbox 1405 701 1564 742; x_wconf 90' lang='lat' dir='ltr'><strong>aures</strong></span> <span class='ocrx_word' id='word_1_25' title='bbox 1588 695 1802 742; x_wconf 90' lang='lat' dir='ltr'><strong>nostras</strong></span> 
     </span>
    </p>
   </div>
   <div class='ocr_carea' id='block_1_5' title="bbox 213 777 1795 851">
    <p class='ocr_par' dir='ltr' id='par_1_5' title="bbox 213 777 1795 851">
     <span class='ocr_line' id='line_1_5' title="bbox 213 777 1795 851; baseline -0.003 -16"><span class='ocrx_word' id='word_1_26' title='bbox 213 781 510 848; x_wconf 78' lang='lat' dir='ltr'><strong>dccmuent,</strong></span> <span class='ocrx_word' id='word_1_27' title='bbox 559 789 710 836; x_wconf 89' lang='lat' dir='ltr'><strong>tanto</strong></span> <span class='ocrx_word' id='word_1_28' title='bbox 756 780 961 851; x_wconf 89' lang='lat' dir='ltr'><strong>majore</strong></span> <span class='ocrx_word' id='word_1_29' title='bbox 1003 780 1115 835; x_wconf 87' lang='lat' dir='ltr'><strong>risu</strong></span> <span class='ocrx_word' id='word_1_30' title='bbox 1161 795 1192 834; x_wconf 91' lang='lat' dir='ltr'><strong>a</strong></span> <span class='ocrx_word' id='word_1_31' title='bbox 1233 779 1389 835; x_wconf 89' lang='lat' dir='ltr'><strong>nobis</strong></span> <span class='ocrx_word' id='word_1_32' title='bbox 1435 777 1795 849; x_wconf 79' lang='lat' dir='ltr'><strong>excipiuntur,</strong></span> 
     </span>
    </p>
   </div>
   <div class='ocr_carea' id='block_1_6' title="bbox 212 866 1838 943">
    <p class='ocr_par' dir='ltr' id='par_1_6' title="bbox 212 866 1838 943">
     <span class='ocr_line' id='line_1_6' title="bbox 212 866 1838 943; baseline 0.001 -18"><span class='ocrx_word' id='word_1_33' title='bbox 212 874 350 942; x_wconf 88' lang='lat' dir='ltr'><strong>quasi</strong></span> <span class='ocrx_word' id='word_1_34' title='bbox 377 872 553 930; x_wconf 87' lang='lat' dir='ltr'><strong>insani</strong></span> <span class='ocrx_word' id='word_1_35' title='bbox 598 881 650 928; x_wconf 91' lang='lat' dir='ltr'><strong>et</strong></span> <span class='ocrx_word' id='word_1_36' title='bbox 681 882 863 929; x_wconf 88' lang='lat' dir='ltr'><strong>mente</strong></span> <span class='ocrx_word' id='word_1_37' title='bbox 900 873 1040 943; x_wconf 87' lang='lat' dir='ltr'><strong>capti</strong></span> <span class='ocrx_word' id='word_1_38' title='bbox 1075 890 1090 927; x_wconf 91' lang='lat'><strong>:</strong></span> <span class='ocrx_word' id='word_1_39' title='bbox 1130 871 1226 928; x_wconf 86' lang='lat' dir='ltr'><strong>sed</strong></span> <span class='ocrx_word' id='word_1_40' title='bbox 1254 870 1674 927; x_wconf 74' lang='lat' dir='ltr'><strong>imbecillitatem</strong></span> <span class='ocrx_word' id='word_1_41' title='bbox 1704 866 1838 926; x_wconf 46' lang='lat' dir='ltr'><strong>ve?</strong></span> 
     </span>
    </p>
   </div>
   <div class='ocr_carea' id='block_1_7' title="bbox 212 959 1801 1034">
    <p class='ocr_par' dir='ltr' id='par_1_7' title="bbox 212 959 1801 1034">
     <span class='ocr_line' id='line_1_7' title="bbox 212 959 1801 1034; baseline -0.002 -17"><span class='ocrx_word' id='word_1_42' title='bbox 212 972 366 1017; x_wconf 79' lang='lat' dir='ltr'><strong>stram</strong></span> <span class='ocrx_word' id='word_1_43' title='bbox 398 962 769 1019; x_wconf 78' lang='lat' dir='ltr'><strong>formidamus.</strong></span> <span class='ocrx_word' id='word_1_44' title='bbox 797 962 981 1034; x_wconf 83' lang='lat' dir='ltr'><strong>Neque</strong></span> <span class='ocrx_word' id='word_1_45' title='bbox 1005 962 1286 1018; x_wconf 90' lang='lat' dir='ltr'><strong>adversum</strong></span> <span class='ocrx_word' id='word_1_46' title='bbox 1307 976 1496 1017; x_wconf 88' lang='lat' dir='ltr'><strong>omnes</strong></span> <span class='ocrx_word' id='word_1_47' title='bbox 1527 960 1643 1018; x_wconf 67' lang='lat' dir='ltr'><strong>haec</strong></span> <span class='ocrx_word' id='word_1_48' title='bbox 1660 959 1801 1026; x_wconf 70' lang='lat' dir='ltr'><strong>dico,</strong></span> 
     </span>
    </p>
   </div>
   <div class='ocr_carea' id='block_1_8' title="bbox 216 1052 1804 1126">
    <p class='ocr_par' dir='ltr' id='par_1_8' title="bbox 216 1052 1804 1126">
     <span class='ocr_line' id='line_1_8' title="bbox 216 1052 1804 1126; baseline -0.002 -15"><span class='ocrx_word' id='word_1_49' title='bbox 216 1055 302 1111; x_wconf 86' lang='lat' dir='ltr'><strong>sed</strong></span> <span class='ocrx_word' id='word_1_50' title='bbox 323 1055 581 1112; x_wconf 87' lang='lat' dir='ltr'><strong>adversus</strong></span> <span class='ocrx_word' id='word_1_51' title='bbox 601 1070 695 1112; x_wconf 89' lang='lat' dir='ltr'><strong>eos</strong></span> <span class='ocrx_word' id='word_1_52' title='bbox 723 1057 814 1126; x_wconf 87' lang='lat' dir='ltr'><strong>qui</strong></span> <span class='ocrx_word' id='word_1_53' title='bbox 847 1055 928 1110; x_wconf 88' lang='lat' dir='ltr'><strong>his</strong></span> <span class='ocrx_word' id='word_1_54' title='bbox 961 1053 1177 1110; x_wconf 82' lang='lat' dir='ltr'><strong>obnoxii</strong></span> <span class='ocrx_word' id='word_1_55' title='bbox 1197 1062 1341 1109; x_wconf 89' lang='lat' dir='ltr'><strong>sunt.</strong></span> <span class='ocrx_word' id='word_1_56' title='bbox 1358 1052 1804 1124; x_wconf 79' lang='lat' dir='ltr'><strong>Quandoquidem</strong></span> 
     </span>
    </p>
   </div>
   <div class='ocr_carea' id='block_1_9' title="bbox 218 1142 1805 1218">
    <p class='ocr_par' dir='ltr' id='par_1_9' title="bbox 218 1142 1805 1218">
     <span class='ocr_line' id='line_1_9' title="bbox 218 1142 1805 1218; baseline -0.003 -16"><span class='ocrx_word' id='word_1_57' title='bbox 218 1146 399 1202; x_wconf 73' lang='lat' dir='ltr'><strong>Pardus</strong></span> <span class='ocrx_word' id='word_1_58' title='bbox 427 1147 522 1218; x_wconf 89' lang='lat' dir='ltr'><strong>qui</strong></span> <span class='ocrx_word' id='word_1_59' title='bbox 542 1146 719 1202; x_wconf 85' lang='lat' dir='ltr'><strong>omnia</strong></span> <span class='ocrx_word' id='word_1_60' title='bbox 739 1145 974 1211; x_wconf 86' lang='lat' dir='ltr'><strong>tenebat,</strong></span> <span class='ocrx_word' id='word_1_61' title='bbox 1005 1159 1111 1199; x_wconf 90' lang='lat' dir='ltr'><strong>non</strong></span> <span class='ocrx_word' id='word_1_62' title='bbox 1133 1144 1430 1200; x_wconf 87' lang='lat' dir='ltr'><strong>doctrinam</strong></span> <span class='ocrx_word' id='word_1_63' title='bbox 1455 1150 1682 1211; x_wconf 89' lang='lat' dir='ltr'><strong>tantum,</strong></span> <span class='ocrx_word' id='word_1_64' title='bbox 1710 1142 1805 1198; x_wconf 90' lang='lat' dir='ltr'><strong>sed</strong></span> 
     </span>
    </p>
   </div>
   <div class='ocr_carea' id='block_1_10' title="bbox 213 1233 1809 1308">
    <p class='ocr_par' dir='ltr' id='par_1_10' title="bbox 213 1233 1809 1308">
     <span class='ocr_line' id='line_1_10' title="bbox 213 1233 1809 1308; baseline 0 -19"><span class='ocrx_word' id='word_1_65' title='bbox 213 1237 492 1292; x_wconf 87' lang='lat' dir='ltr'><strong>verborum</strong></span> <span class='ocrx_word' id='word_1_66' title='bbox 534 1251 740 1308; x_wconf 88' lang='lat' dir='ltr'><strong>pugnas</strong></span> <span class='ocrx_word' id='word_1_67' title='bbox 763 1236 1021 1292; x_wconf 88' lang='lat' dir='ltr'><strong>adversus</strong></span> <span class='ocrx_word' id='word_1_68' title='bbox 1063 1246 1349 1292; x_wconf 79' lang='lat' dir='ltr'><strong>extraneos</strong></span> <span class='ocrx_word' id='word_1_69' title='bbox 1374 1234 1691 1304; x_wconf 89' lang='lat' dir='ltr'><strong>discipulum</strong></span> <span class='ocrx_word' id='word_1_70' title='bbox 1717 1233 1809 1289; x_wconf 83' lang='lat' dir='ltr'><strong>Ti-</strong></span> 
     </span>
    </p>
   </div>
   <div class='ocr_carea' id='block_1_11' title="bbox 214 1325 1806 1393">
    <p class='ocr_par' dir='ltr' id='par_1_11' title="bbox 214 1325 1806 1393">
     <span class='ocr_line' id='line_1_11' title="bbox 214 1325 1806 1393; baseline -0.001 -12"><span class='ocrx_word' id='word_1_71' title='bbox 214 1327 482 1382; x_wconf 90' lang='lat' dir='ltr'><strong>motheum</strong></span> <span class='ocrx_word' id='word_1_72' title='bbox 504 1325 726 1393; x_wconf 86' lang='lat' dir='ltr'><strong>docens,</strong></span> <span class='ocrx_word' id='word_1_73' title='bbox 759 1341 926 1383; x_wconf 85' lang='lat' dir='ltr'><strong>vanos</strong></span> <span class='ocrx_word' id='word_1_74' title='bbox 970 1341 1253 1383; x_wconf 81' lang='lat' dir='ltr'><strong>sermones</strong></span> <span class='ocrx_word' id='word_1_75' title='bbox 1294 1325 1660 1381; x_wconf 87' lang='lat' dir='ltr'><strong>occludendos</strong></span> <span class='ocrx_word' id='word_1_76' title='bbox 1687 1339 1806 1379; x_wconf 89' lang='lat' dir='ltr'><strong>mo-</strong></span> 
     </span>
    </p>
   </div>
   <div class='ocr_carea' id='block_1_12' title="bbox 216 1417 1806 1490">
    <p class='ocr_par' dir='ltr' id='par_1_12' title="bbox 216 1417 1806 1490">
     <span class='ocr_line' id='line_1_12' title="bbox 216 1417 1806 1490; baseline -0.001 -18"><span class='ocrx_word' id='word_1_77' title='bbox 216 1429 300 1474; x_wconf 90' lang='lat' dir='ltr'><strong>net</strong></span> <span class='ocrx_word' id='word_1_78' title='bbox 329 1420 405 1488; x_wconf 67' lang='grc' dir='ltr'><strong>(Ξ.</strong></span> <span class='ocrx_word' id='word_1_79' title='bbox 442 1417 573 1473; x_wconf 85' lang='lat' dir='ltr'><strong>Tim.</strong></span> <span class='ocrx_word' id='word_1_80' title='bbox 605 1417 658 1473; x_wconf 72' lang='grc'><strong>2.</strong></span> <span class='ocrx_word' id='word_1_81' title='bbox 699 1418 810 1490; x_wconf 79' lang='grc'><strong>16).</strong></span> <span class='ocrx_word' id='word_1_82' title='bbox 846 1417 1019 1473; x_wconf 82' lang='lat' dir='ltr'><strong>Breve</strong></span> <span class='ocrx_word' id='word_1_83' title='bbox 1060 1427 1143 1473; x_wconf 85' lang='lat' dir='ltr'><strong>est</strong></span> <span class='ocrx_word' id='word_1_84' title='bbox 1178 1419 1302 1472; x_wconf 78' lang='lat' dir='ltr'><strong>vita:</strong></span> <span class='ocrx_word' id='word_1_85' title='bbox 1341 1426 1539 1472; x_wconf 68' lang='lat' dir='ltr'><strong>nostrae</strong></span> <span class='ocrx_word' id='word_1_86' title='bbox 1576 1425 1806 1487; x_wconf 78' lang='lat' dir='ltr'><strong>tempus,</strong></span> 
     </span>
    </p>
   </div>
   <div class='ocr_carea' id='block_1_13' title="bbox 215 1508 1804 1580">
    <p class='ocr_par' dir='ltr' id='par_1_13' title="bbox 215 1508 1804 1580">
     <span class='ocr_line' id='line_1_13' title="bbox 215 1508 1804 1580; baseline -0.002 -14"><span class='ocrx_word' id='word_1_87' title='bbox 215 1510 459 1580; x_wconf 76' lang='lat' dir='ltr'><strong>exiguum</strong></span> <span class='ocrx_word' id='word_1_88' title='bbox 487 1509 675 1564; x_wconf 87' lang='lat' dir='ltr'><strong>salutis</strong></span> <span class='ocrx_word' id='word_1_89' title='bbox 702 1509 1050 1564; x_wconf 89' lang='lat' dir='ltr'><strong>curriculum.</strong></span> <span class='ocrx_word' id='word_1_90' title='bbox 1081 1509 1138 1566; x_wconf 92' lang='lat' dir='ltr'><strong>Si</strong></span> <span class='ocrx_word' id='word_1_91' title='bbox 1157 1523 1286 1580; x_wconf 85' lang='lat' dir='ltr'><strong>ergo</strong></span> <span class='ocrx_word' id='word_1_92' title='bbox 1312 1509 1476 1566; x_wconf 85' lang='lat' dir='ltr'><strong>breve</strong></span> <span class='ocrx_word' id='word_1_93' title='bbox 1506 1508 1635 1564; x_wconf 88' lang='lat' dir='ltr'><strong>illud</strong></span> <span class='ocrx_word' id='word_1_94' title='bbox 1664 1517 1804 1563; x_wconf 87' lang='lat' dir='ltr'><strong>tem-</strong></span> 
     </span>
    </p>
   </div>
   <div class='ocr_carea' id='block_1_14' title="bbox 217 1599 1812 1672">
    <p class='ocr_par' dir='ltr' id='par_1_14' title="bbox 217 1599 1812 1672">
     <span class='ocr_line' id='line_1_14' title="bbox 217 1599 1812 1672; baseline -0.001 -15"><span class='ocrx_word' id='word_1_95' title='bbox 217 1617 312 1672; x_wconf 90' lang='lat' dir='ltr'><strong>pus</strong></span> <span class='ocrx_word' id='word_1_96' title='bbox 339 1601 492 1657; x_wconf 92' lang='lat' dir='ltr'><strong>nobis</strong></span> <span class='ocrx_word' id='word_1_97' title='bbox 519 1601 585 1656; x_wconf 87' lang='lat' dir='ltr'><strong>ad</strong></span> <span class='ocrx_word' id='word_1_98' title='bbox 613 1600 932 1657; x_wconf 86' lang='lat' dir='ltr'><strong>discendum</strong></span> <span class='ocrx_word' id='word_1_99' title='bbox 977 1601 1126 1655; x_wconf 85' lang='lat' dir='ltr'><strong>utilia</strong></span> <span class='ocrx_word' id='word_1_100' title='bbox 1169 1614 1508 1665; x_wconf 86' lang='lat' dir='ltr'><strong>concessum,</strong></span> <span class='ocrx_word' id='word_1_101' title='bbox 1541 1599 1596 1656; x_wconf 91' lang='lat' dir='ltr'><strong>in</strong></span> <span class='ocrx_word' id='word_1_102' title='bbox 1624 1615 1812 1671; x_wconf 72' lang='lat' dir='ltr'><strong>super-</strong></span> 
     </span>
    </p>
   </div>
   <div class='ocr_carea' id='block_1_15' title="bbox 218 1691 1812 1763">
    <p class='ocr_par' dir='ltr' id='par_1_15' title="bbox 218 1691 1812 1763">
     <span class='ocr_line' id='line_1_15' title="bbox 218 1691 1812 1763; baseline 0 -18"><span class='ocrx_word' id='word_1_103' title='bbox 218 1706 496 1758; x_wconf 87' lang='lat' dir='ltr'><strong>vacaneas,</strong></span> <span class='ocrx_word' id='word_1_104' title='bbox 530 1691 746 1748; x_wconf 89' lang='lat' dir='ltr'><strong>inutiles</strong></span> <span class='ocrx_word' id='word_1_105' title='bbox 791 1701 846 1747; x_wconf 92' lang='lat' dir='ltr'><strong>et</strong></span> <span class='ocrx_word' id='word_1_106' title='bbox 889 1693 1076 1747; x_wconf 79' lang='lat' dir='ltr'><strong>noxias</strong></span> <span class='ocrx_word' id='word_1_107' title='bbox 1111 1691 1416 1763; x_wconf 86' lang='lat' dir='ltr'><strong>disciplinas</strong></span> <span class='ocrx_word' id='word_1_108' title='bbox 1455 1692 1812 1761; x_wconf 80' lang='lat' dir='ltr'><strong>insumamus,</strong></span> 
     </span>
    </p>
   </div>
   <div class='ocr_carea' id='block_1_16' title="bbox 217 1781 1810 1853">
    <p class='ocr_par' dir='ltr' id='par_1_16' title="bbox 217 1781 1810 1853">
     <span class='ocr_line' id='line_1_16' title="bbox 217 1781 1810 1853; baseline 0.001 -19"><span class='ocrx_word' id='word_1_109' title='bbox 217 1782 553 1852; x_wconf 87' lang='lat' dir='ltr'><strong>qnandonam</strong></span> <span class='ocrx_word' id='word_1_110' title='bbox 594 1781 768 1836; x_wconf 89' lang='lat' dir='ltr'><strong>aderit</strong></span> <span class='ocrx_word' id='word_1_111' title='bbox 810 1781 951 1836; x_wconf 87' lang='lat' dir='ltr'><strong>aliud</strong></span> <span class='ocrx_word' id='word_1_112' title='bbox 994 1791 1204 1853; x_wconf 88' lang='lat' dir='ltr'><strong>tempus</strong></span> <span class='ocrx_word' id='word_1_113' title='bbox 1253 1782 1320 1838; x_wconf 88' lang='lat' dir='ltr'><strong>ad</strong></span> <span class='ocrx_word' id='word_1_114' title='bbox 1359 1781 1674 1839; x_wconf 90' lang='lat' dir='ltr'><strong>discendum</strong></span> <span class='ocrx_word' id='word_1_115' title='bbox 1726 1798 1810 1852; x_wconf 91' lang='lat' dir='ltr'><strong>ea,</strong></span> 
     </span>
    </p>
   </div>
   <div class='ocr_carea' id='block_1_17' title="bbox 216 1872 1817 1944">
    <p class='ocr_par' dir='ltr' id='par_1_17' title="bbox 216 1872 1817 1944">
     <span class='ocr_line' id='line_1_17' title="bbox 216 1872 1817 1944; baseline 0 -17"><span class='ocrx_word' id='word_1_116' title='bbox 216 1887 333 1942; x_wconf 68' lang='lat' dir='ltr'><strong>quae</strong></span> <span class='ocrx_word' id='word_1_117' title='bbox 376 1872 678 1938; x_wconf 88' lang='lat' dir='ltr'><strong>necessaria</strong></span> <span class='ocrx_word' id='word_1_118' title='bbox 725 1881 850 1927; x_wconf 89' lang='lat' dir='ltr'><strong>sunt</strong></span> <span class='ocrx_word' id='word_1_119' title='bbox 893 1881 948 1928; x_wconf 94' lang='lat' dir='ltr'><strong>et</strong></span> <span class='ocrx_word' id='word_1_120' title='bbox 987 1882 1177 1944; x_wconf 82' lang='lat' dir='ltr'><strong>urgent</strong></span> <span class='ocrx_word' id='word_1_121' title='bbox 1234 1873 1511 1928; x_wconf 78' lang='lat' dir='ltr'><strong>maxime?</strong></span> <span class='ocrx_word' id='word_1_122' title='bbox 1565 1874 1726 1944; x_wconf 86' lang='lat' dir='ltr'><strong>Atqui</strong></span> <span class='ocrx_word' id='word_1_123' title='bbox 1769 1873 1817 1928; x_wconf 84' lang='lat' dir='ltr'><strong>si</strong></span> 
     </span>
    </p>
   </div>
   <div class='ocr_carea' id='block_1_18' title="bbox 216 1964 1816 2035">
    <p class='ocr_par' dir='ltr' id='par_1_18' title="bbox 216 1964 1816 2035">
     <span class='ocr_line' id='line_1_18' title="bbox 216 1964 1816 2035; baseline 0.001 -17"><span class='ocrx_word' id='word_1_124' title='bbox 216 1965 372 2019; x_wconf 85' lang='lat' dir='ltr'><strong>etiam</strong></span> <span class='ocrx_word' id='word_1_125' title='bbox 399 1964 767 2035; x_wconf 87' lang='lat' dir='ltr'><strong>longissimum</strong></span> <span class='ocrx_word' id='word_1_126' title='bbox 786 1975 952 2031; x_wconf 85' lang='lat' dir='ltr'><strong>esset,</strong></span> <span class='ocrx_word' id='word_1_127' title='bbox 978 1973 1146 2020; x_wconf 91' lang='lat' dir='ltr'><strong>totum</strong></span> <span class='ocrx_word' id='word_1_128' title='bbox 1171 1975 1315 2021; x_wconf 85' lang='lat' dir='ltr'><strong>esset</strong></span> <span class='ocrx_word' id='word_1_129' title='bbox 1338 1964 1555 2020; x_wconf 86' lang='lat' dir='ltr'><strong>utilibus</strong></span> <span class='ocrx_word' id='word_1_130' title='bbox 1577 1965 1628 2019; x_wconf 89' lang='lat' dir='ltr'><strong>in</strong></span> <span class='ocrx_word' id='word_1_131' title='bbox 1657 1965 1816 2020; x_wconf 87' lang='lat' dir='ltr'><strong>rebus</strong></span> 
     </span>
    </p>
   </div>
   <div class='ocr_carea' id='block_1_19' title="bbox 220 2057 1818 2129">
    <p class='ocr_par' dir='ltr' id='par_1_19' title="bbox 220 2057 1818 2129">
     <span class='ocr_line' id='line_1_19' title="bbox 220 2057 1818 2129; baseline 0.001 -18"><span class='ocrx_word' id='word_1_132' title='bbox 220 2057 624 2113; x_wconf 85' lang='lat' dir='ltr'><strong>insumendum:</strong></span> <span class='ocrx_word' id='word_1_133' title='bbox 652 2073 773 2114; x_wconf 90' lang='lat' dir='ltr'><strong>cum</strong></span> <span class='ocrx_word' id='word_1_134' title='bbox 795 2066 972 2114; x_wconf 90' lang='lat' dir='ltr'><strong>autem</strong></span> <span class='ocrx_word' id='word_1_135' title='bbox 1004 2057 1167 2114; x_wconf 89' lang='lat' dir='ltr'><strong>breve</strong></span> <span class='ocrx_word' id='word_1_136' title='bbox 1203 2057 1276 2112; x_wconf 88' lang='lat' dir='ltr'><strong>sit</strong></span> <span class='ocrx_word' id='word_1_137' title='bbox 1303 2067 1358 2113; x_wconf 91' lang='lat' dir='ltr'><strong>et</strong></span> <span class='ocrx_word' id='word_1_138' title='bbox 1384 2057 1655 2129; x_wconf 81' lang='lat' dir='ltr'><strong>exiguum,</strong></span> <span class='ocrx_word' id='word_1_139' title='bbox 1684 2073 1818 2128; x_wconf 89' lang='lat' dir='ltr'><strong>quo-</strong></span> 
     </span>
    </p>
   </div>
   <div class='ocr_carea' id='block_1_20' title="bbox 220 2148 1818 2219">
    <p class='ocr_par' dir='ltr' id='par_1_20' title="bbox 220 2148 1818 2219">
     <span class='ocr_line' id='line_1_20' title="bbox 220 2148 1818 2219; baseline 0 -16"><span class='ocrx_word' id='word_1_140' title='bbox 220 2149 376 2204; x_wconf 90' lang='lat' dir='ltr'><strong>modo</strong></span> <span class='ocrx_word' id='word_1_141' title='bbox 403 2165 509 2205; x_wconf 92' lang='lat' dir='ltr'><strong>non</strong></span> <span class='ocrx_word' id='word_1_142' title='bbox 537 2159 795 2206; x_wconf 69' lang='lat' dir='ltr'><strong>extrema:</strong></span> <span class='ocrx_word' id='word_1_143' title='bbox 822 2149 1318 2216; x_wconf 48' lang='lat' dir='ltr'><strong>dementiae‘l&#39;uerit,</strong></span> <span class='ocrx_word' id='word_1_144' title='bbox 1347 2148 1467 2219; x_wconf 87' lang='lat' dir='ltr'><strong>ejus</strong></span> <span class='ocrx_word' id='word_1_145' title='bbox 1495 2149 1818 2204; x_wconf 81' lang='lat' dir='ltr'><strong>brevitatem</strong></span> 
     </span>
    </p>
   </div>
   <div class='ocr_carea' id='block_1_21' title="bbox 219 2242 1820 2313">
    <p class='ocr_par' dir='ltr' id='par_1_21' title="bbox 219 2242 1820 2313">
     <span class='ocr_line' id='line_1_21' title="bbox 219 2242 1820 2313; baseline 0 -16"><span class='ocrx_word' id='word_1_146' title='bbox 219 2242 270 2297; x_wconf 89' lang='lat' dir='ltr'><strong>in</strong></span> <span class='ocrx_word' id='word_1_147' title='bbox 314 2242 624 2313; x_wconf 86' lang='lat' dir='ltr'><strong>disciplinas</strong></span> <span class='ocrx_word' id='word_1_148' title='bbox 657 2243 851 2300; x_wconf 75' lang='lat' dir='ltr'><strong>anima:</strong></span> <span class='ocrx_word' id='word_1_149' title='bbox 900 2253 1101 2299; x_wconf 74' lang='lat' dir='ltr'><strong>nostra:</strong></span> <span class='ocrx_word' id='word_1_150' title='bbox 1136 2244 1464 2312; x_wconf 89' lang='lat' dir='ltr'><strong>perniciosas</strong></span> <span class='ocrx_word' id='word_1_151' title='bbox 1504 2244 1820 2300; x_wconf 82' lang='lat' dir='ltr'><strong>insumere?</strong></span> 
     </span>
    </p>
   </div>
   <div class='ocr_carea' id='block_1_22' title="bbox 222 2334 1824 2407">
    <p class='ocr_par' dir='ltr' id='par_1_22' title="bbox 222 2334 1824 2407">
     <span class='ocr_line' id='line_1_22' title="bbox 222 2334 1824 2407; baseline 0.001 -19"><span class='ocrx_word' id='word_1_152' title='bbox 222 2335 354 2403; x_wconf 85' lang='lat' dir='ltr'><strong>Quid</strong></span> <span class='ocrx_word' id='word_1_153' title='bbox 383 2334 644 2390; x_wconf 89' lang='lat' dir='ltr'><strong>medicina</strong></span> <span class='ocrx_word' id='word_1_154' title='bbox 676 2342 812 2405; x_wconf 76' lang='lat' dir='ltr'><strong>Opus</strong></span> <span class='ocrx_word' id='word_1_155' title='bbox 847 2348 928 2391; x_wconf 89' lang='lat' dir='ltr'><strong>est</strong></span> <span class='ocrx_word' id='word_1_156' title='bbox 961 2335 1093 2390; x_wconf 78' lang='lat' dir='ltr'><strong>tibi?</strong></span> <span class='ocrx_word' id='word_1_157' title='bbox 1125 2350 1192 2390; x_wconf 92' lang='lat' dir='ltr'><strong>ne</strong></span> <span class='ocrx_word' id='word_1_158' title='bbox 1227 2335 1460 2406; x_wconf 86' lang='lat' dir='ltr'><strong>accipias</strong></span> <span class='ocrx_word' id='word_1_159' title='bbox 1489 2337 1722 2407; x_wconf 79' lang='lat' dir='ltr'><strong>plagam,</strong></span> <span class='ocrx_word' id='word_1_160' title='bbox 1755 2351 1824 2390; x_wconf 90' lang='lat' dir='ltr'><strong>ne</strong></span> 
     </span>
    </p>
   </div>
   <div class='ocr_carea' id='block_1_23' title="bbox 223 2426 1818 2498">
    <p class='ocr_par' dir='ltr' id='par_1_23' title="bbox 223 2426 1818 2498">
     <span class='ocr_line' id='line_1_23' title="bbox 223 2426 1818 2498; baseline 0 -16"><span class='ocrx_word' id='word_1_161' title='bbox 223 2437 431 2497; x_wconf 83' lang='lat' dir='ltr'><strong>tempus</strong></span> <span class='ocrx_word' id='word_1_162' title='bbox 455 2427 704 2483; x_wconf 88' lang='lat' dir='ltr'><strong>absumas</strong></span> <span class='ocrx_word' id='word_1_163' title='bbox 725 2427 778 2482; x_wconf 91' lang='lat' dir='ltr'><strong>in</strong></span> <span class='ocrx_word' id='word_1_164' title='bbox 805 2428 868 2483; x_wconf 88' lang='lat' dir='ltr'><strong>iis</strong></span> <span class='ocrx_word' id='word_1_165' title='bbox 895 2426 1167 2495; x_wconf 88' lang='lat' dir='ltr'><strong>sanandis,</strong></span> <span class='ocrx_word' id='word_1_166' title='bbox 1200 2443 1332 2498; x_wconf 90' lang='lat' dir='ltr'><strong>quas</strong></span> <span class='ocrx_word' id='word_1_167' title='bbox 1363 2427 1432 2482; x_wconf 88' lang='lat' dir='ltr'><strong>ab</strong></span> <span class='ocrx_word' id='word_1_168' title='bbox 1447 2428 1565 2483; x_wconf 89' lang='lat' dir='ltr'><strong>aliis</strong></span> <span class='ocrx_word' id='word_1_169' title='bbox 1586 2429 1818 2498; x_wconf 89' lang='lat' dir='ltr'><strong>accipis:</strong></span> 
     </span>
    </p>
   </div>
   <div class='ocr_carea' id='block_1_24' title="bbox 1299 385 2385 446">
    <p class='ocr_par' dir='ltr' id='par_1_24' title="bbox 1299 385 2385 446">
     <span class='ocr_line' id='line_1_24' title="bbox 1299 385 2385 446; baseline -0.002 -2"><span class='ocrx_word' id='word_1_170' title='bbox 1299 388 1388 445; x_wconf 85' lang='lat' dir='ltr'><strong>DE</strong></span> <span class='ocrx_word' id='word_1_171' title='bbox 1430 387 1613 444; x_wconf 75' lang='lat' dir='ltr'><strong>FATO</strong></span> <span class='ocrx_word' id='word_1_172' title='bbox 1653 387 1740 444; x_wconf 82' lang='grc' dir='ltr'><strong>ΕΤ</strong></span> <span class='ocrx_word' id='word_1_173' title='bbox 1771 387 2256 446; x_wconf 66' lang='grc' dir='ltr'><strong>ΡΠΟἯΟΕΝΤΙᾹ.</strong></span> <span class='ocrx_word' id='word_1_174' title='bbox 2300 385 2385 442; x_wconf 84' lang='lat' dir='ltr'><strong>lli.</strong></span> 
     </span>
    </p>
   </div>
   <div class='ocr_carea' id='block_1_25' title="bbox 3392 384 3516 441">
    <p class='ocr_par' dir='ltr' id='par_1_25' title="bbox 3392 384 3516 441">
     <span class='ocr_line' id='line_1_25' title="bbox 3392 384 3516 441; baseline 0.008 -1"><span class='ocrx_word' id='word_1_175' title='bbox 3392 394 3395 396; x_wconf 83' lang='grc'><em>’</em></span> <span class='ocrx_word' id='word_1_176' title='bbox 3407 384 3516 441; x_wconf 69' lang='grc' dir='ltr'>τδό</span> 
     </span>
    </p>
   </div>
   <div class='ocr_carea' id='block_1_26' title="bbox 1906 490 3520 572">
    <p class='ocr_par' dir='ltr' id='par_1_26' title="bbox 1906 490 3520 572">
     <span class='ocr_line' id='line_1_26' title="bbox 1906 490 3520 572; baseline -0.002 -15"><span class='ocrx_word' id='word_1_177' title='bbox 1906 518 1935 557; x_wconf 92' lang='lat' dir='ltr'><strong>a</strong></span> <span class='ocrx_word' id='word_1_178' title='bbox 1963 501 2158 557; x_wconf 83' lang='lat' dir='ltr'><strong>divinis</strong></span> <span class='ocrx_word' id='word_1_179' title='bbox 2186 499 2478 572; x_wconf 88' lang='lat' dir='ltr'><strong>Scripturis</strong></span> <span class='ocrx_word' id='word_1_180' title='bbox 2509 499 2791 554; x_wconf 90' lang='lat' dir='ltr'><strong>sanitatem</strong></span> <span class='ocrx_word' id='word_1_181' title='bbox 2822 513 3108 568; x_wconf 85' lang='lat' dir='ltr'><strong>compara;</strong></span> <span class='ocrx_word' id='word_1_182' title='bbox 3151 490 3196 552; x_wconf 68' lang='lat' dir='ltr'><strong>Si</strong></span> <span class='ocrx_word' id='word_1_183' title='bbox 3225 500 3520 554; x_wconf 83' lang='lat' dir='ltr'><strong>accesserit</strong></span> 
     </span>
    </p>
   </div>
   <div class='ocr_carea' id='block_1_27' title="bbox 1906 588 3517 665">
    <p class='ocr_par' dir='ltr' id='par_1_27' title="bbox 1906 588 3517 665">
     <span class='ocr_line' id='line_1_27' title="bbox 1906 588 3517 665; baseline -0.003 -16"><span class='ocrx_word' id='word_1_184' title='bbox 1906 595 2097 665; x_wconf 87' lang='lat' dir='ltr'><strong>aliquis</strong></span> <span class='ocrx_word' id='word_1_185' title='bbox 2124 594 2299 649; x_wconf 86' lang='lat' dir='ltr'><strong>aliena</strong></span> <span class='ocrx_word' id='word_1_186' title='bbox 2326 591 2547 654; x_wconf 85' lang='lat' dir='ltr'><strong>docens.</strong></span> <span class='ocrx_word' id='word_1_187' title='bbox 2579 605 2737 646; x_wconf 90' lang='lat' dir='ltr'><strong>aures</strong></span> <span class='ocrx_word' id='word_1_188' title='bbox 2774 591 2998 656; x_wconf 89' lang='lat' dir='ltr'><strong>obtura;</strong></span> <span class='ocrx_word' id='word_1_189' title='bbox 3025 589 3205 646; x_wconf 85' lang='lat' dir='ltr'><strong>statim</strong></span> <span class='ocrx_word' id='word_1_190' title='bbox 3249 588 3415 653; x_wconf 81' lang='lat' dir='ltr'><strong>r&#39;esili,</strong></span> <span class='ocrx_word' id='word_1_191' title='bbox 3449 605 3517 644; x_wconf 84' lang='lat' dir='ltr'><strong>ne</strong></span> 
     </span>
    </p>
   </div>
   <div class='ocr_carea' id='block_1_28' title="bbox 1908 680 3512 753">
    <p class='ocr_par' dir='ltr' id='par_1_28' title="bbox 1908 680 3512 753">
     <span class='ocr_line' id='line_1_28' title="bbox 1908 680 3512 753; baseline -0.004 -13"><span class='ocrx_word' id='word_1_192' title='bbox 1908 685 2197 740; x_wconf 89' lang='lat' dir='ltr'><strong>cuncteris.</strong></span> <span class='ocrx_word' id='word_1_193' title='bbox 2231 683 2288 740; x_wconf 90' lang='lat' dir='ltr'><strong>Si</strong></span> <span class='ocrx_word' id='word_1_194' title='bbox 2321 691 2508 739; x_wconf 88' lang='lat' dir='ltr'><strong>contra</strong></span> <span class='ocrx_word' id='word_1_195' title='bbox 2538 680 2899 753; x_wconf 88' lang='lat' dir='ltr'><strong>Imperatores</strong></span> <span class='ocrx_word' id='word_1_196' title='bbox 2938 681 3223 737; x_wconf 77' lang='lat' dir='ltr'><strong>consilium</strong></span> <span class='ocrx_word' id='word_1_197' title='bbox 3268 680 3512 744; x_wconf 86' lang='lat' dir='ltr'><strong>iniretur,</strong></span> 
     </span>
    </p>
   </div>
   <div class='ocr_carea' id='block_1_29' title="bbox 1910 770 3514 844">
    <p class='ocr_par' dir='ltr' id='par_1_29' title="bbox 1910 770 3514 844">
     <span class='ocr_line' id='line_1_29' title="bbox 1910 770 3514 844; baseline -0.005 -12"><span class='ocrx_word' id='word_1_198' title='bbox 1910 793 2016 832; x_wconf 87' lang='lat' dir='ltr'><strong>non</strong></span> <span class='ocrx_word' id='word_1_199' title='bbox 2047 775 2417 832; x_wconf 84' lang='lat' dir='ltr'><strong>committeres</strong></span> <span class='ocrx_word' id='word_1_200' title='bbox 2441 783 2498 830; x_wconf 94' lang='lat' dir='ltr'><strong>ut</strong></span> <span class='ocrx_word' id='word_1_201' title='bbox 2537 775 2590 829; x_wconf 91' lang='lat' dir='ltr'><strong>in</strong></span> <span class='ocrx_word' id='word_1_202' title='bbox 2617 773 2885 844; x_wconf 90' lang='lat' dir='ltr'><strong>ejusmodi</strong></span> <span class='ocrx_word' id='word_1_203' title='bbox 2921 787 3180 830; x_wconf 88' lang='lat' dir='ltr'><strong>consessu</strong></span> <span class='ocrx_word' id='word_1_204' title='bbox 3209 772 3385 828; x_wconf 89' lang='lat' dir='ltr'><strong>locum</strong></span> <span class='ocrx_word' id='word_1_205' title='bbox 3417 770 3514 825; x_wconf 86' lang='lat' dir='ltr'><strong>ha-</strong></span> 
     </span>
    </p>
   </div>
   <div class='ocr_carea' id='block_1_30' title="bbox 1911 865 3517 939">
    <p class='ocr_par' dir='ltr' id='par_1_30' title="bbox 1911 865 3517 939">
     <span class='ocr_line' id='line_1_30' title="bbox 1911 865 3517 939; baseline -0.004 -14"><span class='ocrx_word' id='word_1_206' title='bbox 1911 869 2090 934; x_wconf 79' lang='lat' dir='ltr'><strong>beres,</strong></span> <span class='ocrx_word' id='word_1_207' title='bbox 2121 868 2319 939; x_wconf 87' lang='lat' dir='ltr'><strong>quippe</strong></span> <span class='ocrx_word' id='word_1_208' title='bbox 2359 867 2452 938; x_wconf 92' lang='lat' dir='ltr'><strong>qni</strong></span> <span class='ocrx_word' id='word_1_209' title='bbox 2480 866 2566 922; x_wconf 94' lang='lat' dir='ltr'><strong>vel</strong></span> <span class='ocrx_word' id='word_1_210' title='bbox 2608 883 2672 923; x_wconf 79' lang='lat' dir='ltr'><strong>ex</strong></span> <span class='ocrx_word' id='word_1_211' title='bbox 2701 866 2886 921; x_wconf 89' lang='lat' dir='ltr'><strong>auditu</strong></span> <span class='ocrx_word' id='word_1_212' title='bbox 2925 881 3129 932; x_wconf 88' lang='lat' dir='ltr'><strong>rerum,</strong></span> <span class='ocrx_word' id='word_1_213' title='bbox 3168 865 3380 922; x_wconf 84' lang='lat' dir='ltr'><strong>etiamsi</strong></span> <span class='ocrx_word' id='word_1_214' title='bbox 3411 879 3517 934; x_wconf 79' lang='lat' dir='ltr'><strong>non</strong></span> 
     </span>
    </p>
   </div>
   <div class='ocr_carea' id='block_1_31' title="bbox 1911 955 3519 1028">
    <p class='ocr_par' dir='ltr' id='par_1_31' title="bbox 1911 955 3519 1028">
     <span class='ocr_line' id='line_1_31' title="bbox 1911 955 3519 1028; baseline -0.002 -15"><span class='ocrx_word' id='word_1_215' title='bbox 1911 959 2222 1015; x_wconf 86' lang='lat' dir='ltr'><strong>assentiaris</strong></span> <span class='ocrx_word' id='word_1_216' title='bbox 2243 1000 2259 1023; x_wconf 88' lang='lat'><strong>,</strong></span> <span class='ocrx_word' id='word_1_217' title='bbox 2305 958 2359 1014; x_wconf 91' lang='lat' dir='ltr'><strong>in</strong></span> <span class='ocrx_word' id='word_1_218' title='bbox 2406 957 2703 1028; x_wconf 89' lang='lat' dir='ltr'><strong>periculum</strong></span> <span class='ocrx_word' id='word_1_219' title='bbox 2754 957 2976 1012; x_wconf 89' lang='lat' dir='ltr'><strong>omnino</strong></span> <span class='ocrx_word' id='word_1_220' title='bbox 3010 957 3222 1014; x_wconf 81' lang='lat' dir='ltr'><strong>venires</strong></span> <span class='ocrx_word' id='word_1_221' title='bbox 3254 973 3270 1010; x_wconf 90' lang='lat'><strong>:</strong></span> <span class='ocrx_word' id='word_1_222' title='bbox 3301 955 3519 1028; x_wconf 79' lang='lat' dir='ltr'><strong>quando</strong></span> 
     </span>
    </p>
   </div>
   <div class='ocr_carea' id='block_1_32' title="bbox 1911 1047 3516 1121">
    <p class='ocr_par' dir='ltr' id='par_1_32' title="bbox 1911 1047 3516 1121">
     <span class='ocr_line' id='line_1_32' title="bbox 1911 1047 3516 1121; baseline -0.002 -14"><span class='ocrx_word' id='word_1_223' title='bbox 1911 1060 2096 1107; x_wconf 89' lang='lat' dir='ltr'><strong>contra</strong></span> <span class='ocrx_word' id='word_1_224' title='bbox 2128 1051 2296 1106; x_wconf 90' lang='lat' dir='ltr'><strong>Deum</strong></span> <span class='ocrx_word' id='word_1_225' title='bbox 2323 1049 2520 1121; x_wconf 85' lang='lat' dir='ltr'><strong>aliquid</strong></span> <span class='ocrx_word' id='word_1_226' title='bbox 2546 1049 2742 1106; x_wconf 86' lang='lat' dir='ltr'><strong>dicitur</strong></span> <span class='ocrx_word' id='word_1_227' title='bbox 2764 1049 3104 1120; x_wconf 86' lang='lat' dir='ltr'><strong>agitaturque</strong></span> <span class='ocrx_word' id='word_1_228' title='bbox 3127 1047 3320 1120; x_wconf 85' lang='lat' dir='ltr'><strong>dogma</strong></span> <span class='ocrx_word' id='word_1_229' title='bbox 3351 1063 3516 1104; x_wconf 78' lang='lat' dir='ltr'><strong>accu-</strong></span> 
     </span>
    </p>
   </div>
   <div class='ocr_carea' id='block_1_33' title="bbox 1912 1138 3518 1212">
    <p class='ocr_par' dir='ltr' id='par_1_33' title="bbox 1912 1138 3518 1212">
     <span class='ocr_line' id='line_1_33' title="bbox 1912 1138 3518 1212; baseline -0.004 -14"><span class='ocrx_word' id='word_1_230' title='bbox 1912 1143 2121 1199; x_wconf 86' lang='lat' dir='ltr'><strong>satione</strong></span> <span class='ocrx_word' id='word_1_231' title='bbox 2150 1141 2366 1212; x_wconf 88' lang='lat' dir='ltr'><strong>plenum</strong></span> <span class='ocrx_word' id='word_1_232' title='bbox 2392 1140 2650 1198; x_wconf 81' lang='lat' dir='ltr'><strong>adversus</strong></span> <span class='ocrx_word' id='word_1_233' title='bbox 2689 1141 2861 1208; x_wconf 89' lang='lat' dir='ltr'><strong>illum,</strong></span> <span class='ocrx_word' id='word_1_234' title='bbox 2889 1154 3067 1196; x_wconf 86' lang='lat' dir='ltr'><strong>annon</strong></span> <span class='ocrx_word' id='word_1_235' title='bbox 3098 1138 3291 1210; x_wconf 80' lang='lat' dir='ltr'><strong>fugies,</strong></span> <span class='ocrx_word' id='word_1_236' title='bbox 3331 1152 3518 1193; x_wconf 87' lang='lat' dir='ltr'><strong>annon</strong></span> 
     </span>
    </p>
   </div>
   <div class='ocr_carea' id='block_1_34' title="bbox 1914 1232 3527 1310">
    <p class='ocr_par' dir='ltr' id='par_1_34' title="bbox 1914 1232 3527 1310">
     <span class='ocr_line' id='line_1_34' title="bbox 1914 1232 3527 1310; baseline -0.002 -18"><span class='ocrx_word' id='word_1_237' title='bbox 1914 1235 2233 1292; x_wconf 86' lang='lat' dir='ltr'><strong>maledicam</strong></span> <span class='ocrx_word' id='word_1_238' title='bbox 2262 1236 2497 1307; x_wconf 85' lang='lat' dir='ltr'><strong>linguam</strong></span> <span class='ocrx_word' id='word_1_239' title='bbox 2526 1235 2885 1310; x_wconf 87' lang='lat' dir='ltr'><strong>aversaberis,</strong></span> <span class='ocrx_word' id='word_1_240' title='bbox 2916 1248 3096 1290; x_wconf 87' lang='lat' dir='ltr'><strong>annon</strong></span> <span class='ocrx_word' id='word_1_241' title='bbox 3123 1233 3285 1304; x_wconf 86' lang='lat' dir='ltr'><strong>impia</strong></span> <span class='ocrx_word' id='word_1_242' title='bbox 3305 1248 3398 1289; x_wconf 84' lang='lat' dir='ltr'><strong>ora</strong></span> <span class='ocrx_word' id='word_1_243' title='bbox 3426 1232 3527 1288; x_wconf 90' lang='lat' dir='ltr'><strong>ob-</strong></span> 
     </span>
    </p>
   </div>
   <div class='ocr_carea' id='block_1_35' title="bbox 1915 1324 3523 1400">
    <p class='ocr_par' dir='ltr' id='par_1_35' title="bbox 1915 1324 3523 1400">
     <span class='ocr_line' id='line_1_35' title="bbox 1915 1324 3523 1400; baseline -0.003 -18"><span class='ocrx_word' id='word_1_244' title='bbox 1915 1327 2156 1384; x_wconf 79' lang='lat' dir='ltr'><strong>turabis?</strong></span> <span class='ocrx_word' id='word_1_245' title='bbox 2199 1326 2266 1382; x_wconf 87' lang='lat' dir='ltr'><strong>Et</strong></span> <span class='ocrx_word' id='word_1_246' title='bbox 2289 1326 2562 1398; x_wconf 92' lang='lat' dir='ltr'><strong>quomodo</strong></span> <span class='ocrx_word' id='word_1_247' title='bbox 2588 1327 2788 1397; x_wconf 89' lang='lat' dir='ltr'><strong>poteris</strong></span> <span class='ocrx_word' id='word_1_248' title='bbox 2814 1340 2938 1382; x_wconf 90' lang='lat' dir='ltr'><strong>cum</strong></span> <span class='ocrx_word' id='word_1_249' title='bbox 2969 1324 3367 1400; x_wconf 86' lang='lat' dir='ltr'><strong>fiducia_Deum</strong></span> <span class='ocrx_word' id='word_1_250' title='bbox 3397 1338 3523 1393; x_wconf 86' lang='lat' dir='ltr'><strong>pre-</strong></span> 
     </span>
    </p>
   </div>
   <div class='ocr_carea' id='block_1_36' title="bbox 1914 1415 3524 1490">
    <p class='ocr_par' dir='ltr' id='par_1_36' title="bbox 1914 1415 3524 1490">
     <span class='ocr_line' id='line_1_36' title="bbox 1914 1415 3524 1490; baseline -0.004 -16"><span class='ocrx_word' id='word_1_251' title='bbox 1914 1419 2047 1485; x_wconf 85' lang='lat' dir='ltr'><strong>cari,</strong></span> <span class='ocrx_word' id='word_1_252' title='bbox 2077 1419 2169 1490; x_wconf 88' lang='lat' dir='ltr'><strong>qui</strong></span> <span class='ocrx_word' id='word_1_253' title='bbox 2200 1420 2255 1474; x_wconf 90' lang='lat' dir='ltr'><strong>in</strong></span> <span class='ocrx_word' id='word_1_254' title='bbox 2302 1434 2424 1474; x_wconf 90' lang='lat' dir='ltr'><strong>eum</strong></span> <span class='ocrx_word' id='word_1_255' title='bbox 2455 1417 2775 1489; x_wconf 81' lang='lat' dir='ltr'><strong>jactatarum</strong></span> <span class='ocrx_word' id='word_1_256' title='bbox 2820 1418 3208 1474; x_wconf 87' lang='lat' dir='ltr'><strong>calumniarum</strong></span> <span class='ocrx_word' id='word_1_257' title='bbox 3252 1415 3524 1486; x_wconf 83' lang='lat' dir='ltr'><strong>particeps</strong></span> 
     </span>
    </p>
   </div>
   <div class='ocr_carea' id='block_1_37' title="bbox 1917 1509 3524 1583">
    <p class='ocr_par' dir='ltr' id='par_1_37' title="bbox 1917 1509 3524 1583">
     <span class='ocr_line' id='line_1_37' title="bbox 1917 1509 3524 1583; baseline -0.002 -17"><span class='ocrx_word' id='word_1_258' title='bbox 1917 1513 2114 1569; x_wconf 77' lang='lat' dir='ltr'><strong>fueris?</strong></span> <span class='ocrx_word' id='word_1_259' title='bbox 2139 1511 2236 1578; x_wconf 87' lang='lat' dir='ltr'><strong>Ne,</strong></span> <span class='ocrx_word' id='word_1_260' title='bbox 2267 1526 2474 1583; x_wconf 76' lang='lat' dir='ltr'><strong>quaeso,</strong></span> <span class='ocrx_word' id='word_1_261' title='bbox 2522 1512 2574 1567; x_wconf 92' lang='lat' dir='ltr'><strong>id</strong></span> <span class='ocrx_word' id='word_1_262' title='bbox 2623 1513 2855 1568; x_wconf 84' lang='lat' dir='ltr'><strong>eveniat.</strong></span> <span class='ocrx_word' id='word_1_263' title='bbox 2912 1511 3039 1567; x_wconf 64' lang='lat' dir='ltr'><strong>Haec</strong></span> <span class='ocrx_word' id='word_1_264' title='bbox 3089 1526 3121 1567; x_wconf 88' lang='lat' dir='ltr'><strong>a</strong></span> <span class='ocrx_word' id='word_1_265' title='bbox 3169 1525 3258 1566; x_wconf 90' lang='lat' dir='ltr'><strong>me</strong></span> <span class='ocrx_word' id='word_1_266' title='bbox 3301 1525 3409 1566; x_wconf 88' lang='lat' dir='ltr'><strong>non</strong></span> <span class='ocrx_word' id='word_1_267' title='bbox 3457 1509 3524 1564; x_wconf 89' lang='lat' dir='ltr'><strong>ad</strong></span> 
     </span>
    </p>
   </div>
   <div class='ocr_carea' id='block_1_38' title="bbox 1915 1600 3524 1674">
    <p class='ocr_par' dir='ltr' id='par_1_38' title="bbox 1915 1600 3524 1674">
     <span class='ocr_line' id='line_1_38' title="bbox 1915 1600 3524 1674; baseline -0.003 -17"><span class='ocrx_word' id='word_1_268' title='bbox 1915 1611 2212 1674; x_wconf 69' lang='lat' dir='ltr'><strong>prtesentes</strong></span> <span class='ocrx_word' id='word_1_269' title='bbox 2257 1601 2400 1659; x_wconf 89' lang='lat' dir='ltr'><strong>dicta</strong></span> <span class='ocrx_word' id='word_1_270' title='bbox 2456 1612 2629 1668; x_wconf 87' lang='lat' dir='ltr'><strong>sunt;</strong></span> <span class='ocrx_word' id='word_1_271' title='bbox 2686 1602 2795 1658; x_wconf 91' lang='lat' dir='ltr'><strong>imo</strong></span> <span class='ocrx_word' id='word_1_272' title='bbox 2847 1602 3026 1673; x_wconf 89' lang='lat' dir='ltr'><strong>potius</strong></span> <span class='ocrx_word' id='word_1_273' title='bbox 3083 1600 3151 1656; x_wconf 87' lang='lat' dir='ltr'><strong>ad</strong></span> <span class='ocrx_word' id='word_1_274' title='bbox 3205 1608 3524 1672; x_wconf 65' lang='lat' dir='ltr'><strong>praesentes.</strong></span> 
     </span>
    </p>
   </div>
   <div class='ocr_carea' id='block_1_39' title="bbox 1918 1692 3528 1765">
    <p class='ocr_par' dir='ltr' id='par_1_39' title="bbox 1918 1692 3528 1765">
     <span class='ocr_line' id='line_1_39' title="bbox 1918 1692 3528 1765; baseline -0.002 -16"><span class='ocrx_word' id='word_1_275' title='bbox 1918 1693 2142 1750; x_wconf 84' lang='lat' dir='ltr'><strong>Etiamsi</strong></span> <span class='ocrx_word' id='word_1_276' title='bbox 2167 1696 2310 1751; x_wconf 93' lang='lat' dir='ltr'><strong>enim</strong></span> <span class='ocrx_word' id='word_1_277' title='bbox 2339 1710 2436 1751; x_wconf 91' lang='lat' dir='ltr'><strong>vos</strong></span> <span class='ocrx_word' id='word_1_278' title='bbox 2455 1695 2677 1762; x_wconf 81' lang='lat' dir='ltr'><strong>innoxii,</strong></span> <span class='ocrx_word' id='word_1_279' title='bbox 2706 1695 2750 1750; x_wconf 90' lang='lat' dir='ltr'><strong>si</strong></span> <span class='ocrx_word' id='word_1_280' title='bbox 2776 1709 2913 1765; x_wconf 88' lang='lat' dir='ltr'><strong>quos</strong></span> <span class='ocrx_word' id='word_1_281' title='bbox 2941 1693 3198 1750; x_wconf 88' lang='lat' dir='ltr'><strong>noveritis</strong></span> <span class='ocrx_word' id='word_1_282' title='bbox 3217 1692 3320 1748; x_wconf 87' lang='lat' dir='ltr'><strong>hoc</strong></span> <span class='ocrx_word' id='word_1_283' title='bbox 3337 1693 3528 1747; x_wconf 87' lang='lat' dir='ltr'><strong>morbo</strong></span> 
     </span>
    </p>
   </div>
   <div class='ocr_carea' id='block_1_40' title="bbox 1919 1783 3522 1858">
    <p class='ocr_par' dir='ltr' id='par_1_40' title="bbox 1919 1783 3522 1858">
     <span class='ocr_line' id='line_1_40' title="bbox 1919 1783 3522 1858; baseline -0.004 -16"><span class='ocrx_word' id='word_1_284' title='bbox 1919 1786 2226 1843; x_wconf 88' lang='lat' dir='ltr'><strong>laborantes</strong></span> <span class='ocrx_word' id='word_1_285' title='bbox 2246 1828 2262 1855; x_wconf 90' lang='lat'><strong>,</strong></span> <span class='ocrx_word' id='word_1_286' title='bbox 2319 1787 2403 1843; x_wconf 91' lang='lat' dir='ltr'><strong>his</strong></span> <span class='ocrx_word' id='word_1_287' title='bbox 2449 1787 2799 1858; x_wconf 86' lang='lat' dir='ltr'><strong>pluribusque</strong></span> <span class='ocrx_word' id='word_1_288' title='bbox 2840 1785 2958 1841; x_wconf 91' lang='lat' dir='ltr'><strong>aliis</strong></span> <span class='ocrx_word' id='word_1_289' title='bbox 2982 1784 3293 1841; x_wconf 89' lang='lat' dir='ltr'><strong>contendite</strong></span> <span class='ocrx_word' id='word_1_290' title='bbox 3320 1783 3522 1849; x_wconf 85' lang='lat' dir='ltr'><strong>verbis,</strong></span> 
     </span>
    </p>
   </div>
   <div class='ocr_carea' id='block_1_41' title="bbox 1923 1875 3530 1946">
    <p class='ocr_par' dir='ltr' id='par_1_41' title="bbox 1923 1875 3530 1946">
     <span class='ocr_line' id='line_1_41' title="bbox 1923 1875 3530 1946; baseline -0.003 -11"><span class='ocrx_word' id='word_1_291' title='bbox 1923 1887 1981 1935; x_wconf 90' lang='lat' dir='ltr'><strong>ut</strong></span> <span class='ocrx_word' id='word_1_292' title='bbox 2023 1879 2222 1934; x_wconf 90' lang='lat' dir='ltr'><strong>malum</strong></span> <span class='ocrx_word' id='word_1_293' title='bbox 2270 1879 2525 1936; x_wconf 86' lang='lat' dir='ltr'><strong>radicitus</strong></span> <span class='ocrx_word' id='word_1_294' title='bbox 2553 1879 2818 1936; x_wconf 87' lang='lat' dir='ltr'><strong>evellatis.</strong></span> <span class='ocrx_word' id='word_1_295' title='bbox 2877 1877 2932 1933; x_wconf 92' lang='lat' dir='ltr'><strong>Id</strong></span> <span class='ocrx_word' id='word_1_296' title='bbox 2979 1892 3107 1934; x_wconf 87' lang='lat' dir='ltr'><strong>vero</strong></span> <span class='ocrx_word' id='word_1_297' title='bbox 3147 1876 3234 1932; x_wconf 91' lang='lat' dir='ltr'><strong>fiat</strong></span> <span class='ocrx_word' id='word_1_298' title='bbox 3279 1875 3530 1946; x_wconf 89' lang='lat' dir='ltr'><strong>precibus</strong></span> 
     </span>
    </p>
   </div>
   <div class='ocr_carea' id='block_1_42' title="bbox 1923 1969 3524 2028">
    <p class='ocr_par' dir='ltr' id='par_1_42' title="bbox 1923 1969 3524 2028">
     <span class='ocr_line' id='line_1_42' title="bbox 1923 1969 3524 2028; baseline -0.003 -2"><span class='ocrx_word' id='word_1_299' title='bbox 1923 1978 2231 2026; x_wconf 88' lang='lat' dir='ltr'><strong>sanctorum</strong></span> <span class='ocrx_word' id='word_1_300' title='bbox 2259 1981 2312 2026; x_wconf 90' lang='lat' dir='ltr'><strong>et</strong></span> <span class='ocrx_word' id='word_1_301' title='bbox 2340 1971 2636 2027; x_wconf 89' lang='lat' dir='ltr'><strong>amicorum</strong></span> <span class='ocrx_word' id='word_1_302' title='bbox 2667 1969 2761 2025; x_wconf 89' lang='lat' dir='ltr'><strong>Dei</strong></span> <span class='ocrx_word' id='word_1_303' title='bbox 2792 1988 2805 2024; x_wconf 87' lang='lat'>:</span> <span class='ocrx_word' id='word_1_304' title='bbox 2839 1985 2948 2028; x_wconf 86' lang='lat' dir='ltr'><strong>non</strong></span> <span class='ocrx_word' id='word_1_305' title='bbox 2980 1969 3124 2024; x_wconf 91' lang='lat' dir='ltr'><strong>enim</strong></span> <span class='ocrx_word' id='word_1_306' title='bbox 3170 1976 3374 2024; x_wconf 88' lang='lat' dir='ltr'><strong>tantmn</strong></span> <span class='ocrx_word' id='word_1_307' title='bbox 3421 1982 3524 2022; x_wconf 86' lang='lat' dir='ltr'><strong>no.-</strong></span> 
     </span>
    </p>
   </div>
   <div class='ocr_carea' id='block_1_43' title="bbox 1925 2050 3528 2135">
    <p class='ocr_par' dir='ltr' id='par_1_43' title="bbox 1925 2050 3528 2135">
     <span class='ocr_line' id='line_1_43' title="bbox 1925 2050 3528 2135; baseline -0.002 -18"><span class='ocrx_word' id='word_1_308' title='bbox 1925 2072 2034 2118; x_wconf 91' lang='lat' dir='ltr'><strong>stra</strong></span> <span class='ocrx_word' id='word_1_309' title='bbox 2083 2063 2245 2118; x_wconf 88' lang='lat' dir='ltr'><strong>verba</strong></span> <span class='ocrx_word' id='word_1_310' title='bbox 2298 2063 2523 2131; x_wconf 87' lang='lat' dir='ltr'><strong>valent,</strong></span> <span class='ocrx_word' id='word_1_311' title='bbox 2573 2072 2831 2135; x_wconf 89' lang='lat' dir='ltr'><strong>quantum</strong></span> <span class='ocrx_word' id='word_1_312' title='bbox 2903 2062 3116 2116; x_wconf 89' lang='lat' dir='ltr'><strong>illorum</strong></span> <span class='ocrx_word' id='word_1_313' title='bbox 3171 2050 3528 2130; x_wconf 82' lang='lat' dir='ltr'><strong>precationes.</strong></span> 
     </span>
    </p>
   </div>
   <div class='ocr_carea' id='block_1_44' title="bbox 1926 2148 3523 2221">
    <p class='ocr_par' dir='ltr' id='par_1_44' title="bbox 1926 2148 3523 2221">
     <span class='ocr_line' id='line_1_44' title="bbox 1926 2148 3523 2221; baseline -0.003 -14"><span class='ocrx_word' id='word_1_314' title='bbox 1926 2153 2082 2209; x_wconf 79' lang='lat' dir='ltr'><strong>Faxit</strong></span> <span class='ocrx_word' id='word_1_315' title='bbox 2135 2154 2278 2210; x_wconf 89' lang='lat' dir='ltr'><strong>Deus</strong></span> <span class='ocrx_word' id='word_1_316' title='bbox 2321 2164 2377 2208; x_wconf 92' lang='lat' dir='ltr'><strong>ut</strong></span> <span class='ocrx_word' id='word_1_317' title='bbox 2428 2168 2528 2209; x_wconf 89' lang='lat' dir='ltr'><strong>nos</strong></span> <span class='ocrx_word' id='word_1_318' title='bbox 2581 2167 2790 2219; x_wconf 88' lang='lat' dir='ltr'><strong>omnes,</strong></span> <span class='ocrx_word' id='word_1_319' title='bbox 2821 2161 2876 2207; x_wconf 89' lang='lat' dir='ltr'><strong>et</strong></span> <span class='ocrx_word' id='word_1_320' title='bbox 2916 2157 3178 2221; x_wconf 80' lang='lat' dir='ltr'><strong>quotquot</strong></span> <span class='ocrx_word' id='word_1_321' title='bbox 3218 2149 3286 2204; x_wconf 87' lang='lat' dir='ltr'><strong>ad</strong></span> <span class='ocrx_word' id='word_1_322' title='bbox 3331 2148 3523 2205; x_wconf 81' lang='lat' dir='ltr'><strong>Eccle—</strong></span> 
     </span>
    </p>
   </div>
   <div class='ocr_carea' id='block_1_45' title="bbox 1926 2240 3532 2318">
    <p class='ocr_par' dir='ltr' id='par_1_45' title="bbox 1926 2240 3532 2318">
     <span class='ocr_line' id='line_1_45' title="bbox 1926 2240 3532 2318; baseline -0.006 -15"><span class='ocrx_word' id='word_1_323' title='bbox 1926 2249 2022 2304; x_wconf 74' lang='lat' dir='ltr'><strong>siae</strong></span> <span class='ocrx_word' id='word_1_324' title='bbox 2085 2246 2473 2318; x_wconf 89' lang='lat' dir='ltr'><strong>plenitudinem</strong></span> <span class='ocrx_word' id='word_1_325' title='bbox 2535 2247 2848 2316; x_wconf 75' lang='lat' dir='ltr'><strong>pertinent,</strong></span> <span class='ocrx_word' id='word_1_326' title='bbox 2916 2243 3001 2298; x_wconf 88' lang='lat' dir='ltr'><strong>his</strong></span> <span class='ocrx_word' id='word_1_327' title='bbox 3052 2240 3262 2298; x_wconf 80' lang='lat' dir='ltr'><strong>liberati</strong></span> <span class='ocrx_word' id='word_1_328' title='bbox 3332 2240 3487 2295; x_wconf 85' lang='lat' dir='ltr'><strong>malis</strong></span> <span class='ocrx_word' id='word_1_329' title='bbox 3518 2283 3532 2306; x_wconf 89' lang='lat'><strong>,</strong></span> 
     </span>
    </p>
   </div>
   <div class='ocr_carea' id='block_1_46' title="bbox 1929 2335 3535 2406">
    <p class='ocr_par' dir='ltr' id='par_1_46' title="bbox 1929 2335 3535 2406">
     <span class='ocr_line' id='line_1_46' title="bbox 1929 2335 3535 2406; baseline -0.006 -11"><span class='ocrx_word' id='word_1_330' title='bbox 1929 2349 2050 2395; x_wconf 88' lang='lat' dir='ltr'><strong>cum</strong></span> <span class='ocrx_word' id='word_1_331' title='bbox 2089 2339 2283 2395; x_wconf 90' lang='lat' dir='ltr'><strong>ﬁducia</strong></span> <span class='ocrx_word' id='word_1_332' title='bbox 2320 2347 2524 2395; x_wconf 81' lang='lat' dir='ltr'><strong>stemus</strong></span> <span class='ocrx_word' id='word_1_333' title='bbox 2562 2349 2685 2394; x_wconf 87' lang='lat' dir='ltr'><strong>ante</strong></span> <span class='ocrx_word' id='word_1_334' title='bbox 2722 2336 2956 2393; x_wconf 88' lang='lat' dir='ltr'><strong>tribunal</strong></span> <span class='ocrx_word' id='word_1_335' title='bbox 2984 2336 3208 2400; x_wconf 81' lang='lat' dir='ltr'><strong>Christi,</strong></span> <span class='ocrx_word' id='word_1_336' title='bbox 3233 2337 3317 2390; x_wconf 90' lang='lat' dir='ltr'><strong>cui</strong></span> <span class='ocrx_word' id='word_1_337' title='bbox 3344 2335 3535 2406; x_wconf 85' lang='lat' dir='ltr'><strong>gloria.</strong></span> 
     </span>
    </p>
   </div>
   <div class='ocr_carea' id='block_1_47' title="bbox 1930 2432 2127 2486">
    <p class='ocr_par' dir='ltr' id='par_1_47' title="bbox 1930 2432 2127 2486">
     <span class='ocr_line' id='line_1_47' title="bbox 1930 2432 2127 2486; baseline -0.005 0"><span class='ocrx_word' id='word_1_338' title='bbox 1930 2432 2127 2486; x_wconf 80' lang='lat' dir='ltr'><strong>Amen.</strong></span> 
     </span>
    </p>
   </div>
   <div class='ocr_carea' id='block_1_48' title="bbox 1084 2665 2670 2753">
    <p class='ocr_par' dir='ltr' id='par_1_48' title="bbox 1084 2665 2670 2753">
     <span class='ocr_line' id='line_1_48' title="bbox 1084 2665 2670 2753; baseline 0.001 -6"><span class='ocrx_word' id='word_1_339' title='bbox 1084 2665 1246 2748; x_wconf 90' lang='lat' dir='ltr'><strong>DE</strong></span> <span class='ocrx_word' id='word_1_340' title='bbox 1300 2665 1604 2749; x_wconf 89' lang='lat' dir='ltr'><strong>FATO</strong></span> <span class='ocrx_word' id='word_1_341' title='bbox 1652 2668 1802 2749; x_wconf 91' lang='lat' dir='ltr'><strong>ET</strong></span> <span class='ocrx_word' id='word_1_342' title='bbox 1839 2668 2670 2753; x_wconf 80' lang='lat' dir='ltr'><strong>PROVIDENTIA.</strong></span> 
     </span>
    </p>
   </div>
   <div class='ocr_carea' id='block_1_49' title="bbox 1627 2826 2134 2907">
    <p class='ocr_par' dir='ltr' id='par_1_49' title="bbox 1627 2826 2134 2907">
     <span class='ocr_line' id='line_1_49' title="bbox 1627 2826 2134 2907; baseline 0.004 -13"><span class='ocrx_word' id='word_1_343' title='bbox 1627 2826 2134 2907; x_wconf 56' lang='lat' dir='ltr'><strong>Memb-</strong></span> 
     </span>
    </p>
   </div>
   <div class='ocr_carea' id='block_1_50' title="bbox 867 2979 1180 3022">
    <p class='ocr_par' dir='ltr' id='par_1_50' title="bbox 867 2979 1180 3022">
     <span class='ocr_line' id='line_1_50' title="bbox 867 2979 1180 3022; baseline -0.01 0"><span class='ocrx_word' id='word_1_344' title='bbox 867 2979 1066 3022; x_wconf 67' lang='lat' dir='ltr'><strong>ORATIO</strong></span> <span class='ocrx_word' id='word_1_345' title='bbox 1104 2981 1180 3020; x_wconf 81' lang='lat' dir='ltr'><strong>Ill.</strong></span> 
     </span>
    </p>
   </div>
   <div class='ocr_carea' id='block_1_51' title="bbox 301 3055 1827 3128">
    <p class='ocr_par' dir='ltr' id='par_1_51' title="bbox 301 3055 1827 3128">
     <span class='ocr_line' id='line_1_51' title="bbox 301 3055 1827 3128; baseline -0.002 -13"><span class='ocrx_word' id='word_1_346' title='bbox 301 3061 433 3116; x_wconf 80' lang='lat' dir='ltr'><strong>Novi</strong></span> <span class='ocrx_word' id='word_1_347' title='bbox 483 3075 570 3115; x_wconf 89' lang='lat' dir='ltr'><strong>me</strong></span> <span class='ocrx_word' id='word_1_348' title='bbox 615 3073 786 3128; x_wconf 89' lang='lat' dir='ltr'><strong>nuper</strong></span> <span class='ocrx_word' id='word_1_349' title='bbox 825 3057 964 3128; x_wconf 86' lang='lat' dir='ltr'><strong>apud</strong></span> <span class='ocrx_word' id='word_1_350' title='bbox 1009 3067 1240 3113; x_wconf 89' lang='lat' dir='ltr'><strong>vestram</strong></span> <span class='ocrx_word' id='word_1_351' title='bbox 1285 3055 1564 3112; x_wconf 84' lang='lat' dir='ltr'><strong>caritatem</strong></span> <span class='ocrx_word' id='word_1_352' title='bbox 1608 3056 1675 3112; x_wconf 88' lang='lat' dir='ltr'><strong>de</strong></span> <span class='ocrx_word' id='word_1_353' title='bbox 1718 3057 1827 3112; x_wconf 87' lang='lat' dir='ltr'><strong>fato</strong></span> 
     </span>
    </p>
   </div>
   <div class='ocr_carea' id='block_1_52' title="bbox 226 3148 1819 3221">
    <p class='ocr_par' dir='ltr' id='par_1_52' title="bbox 226 3148 1819 3221">
     <span class='ocr_line' id='line_1_52' title="bbox 226 3148 1819 3221; baseline -0.003 -14"><span class='ocrx_word' id='word_1_354' title='bbox 226 3155 392 3210; x_wconf 84' lang='lat' dir='ltr'><strong>verba</strong></span> <span class='ocrx_word' id='word_1_355' title='bbox 424 3152 641 3216; x_wconf 79' lang='lat' dir='ltr'><strong>fecisse,</strong></span> <span class='ocrx_word' id='word_1_356' title='bbox 672 3151 913 3221; x_wconf 82' lang='lat' dir='ltr'><strong>nihilque</strong></span> <span class='ocrx_word' id='word_1_357' title='bbox 941 3149 1192 3220; x_wconf 86' lang='lat' dir='ltr'><strong>prohibet</strong></span> <span class='ocrx_word' id='word_1_358' title='bbox 1219 3150 1508 3218; x_wconf 89' lang='lat' dir='ltr'><strong>quominus</strong></span> <span class='ocrx_word' id='word_1_359' title='bbox 1536 3149 1602 3204; x_wconf 89' lang='lat' dir='ltr'><strong>de</strong></span> <span class='ocrx_word' id='word_1_360' title='bbox 1627 3148 1819 3204; x_wconf 90' lang='lat' dir='ltr'><strong>eodem</strong></span> 
     </span>
    </p>
   </div>
   <div class='ocr_carea' id='block_1_53' title="bbox 225 3239 1827 3317">
    <p class='ocr_par' dir='ltr' id='par_1_53' title="bbox 225 3239 1827 3317">
     <span class='ocr_line' id='line_1_53' title="bbox 225 3239 1827 3317; baseline -0.005 -17"><span class='ocrx_word' id='word_1_361' title='bbox 225 3254 545 3317; x_wconf 76' lang='lat' dir='ltr'><strong>argumento</strong></span> <span class='ocrx_word' id='word_1_362' title='bbox 577 3242 740 3298; x_wconf 90' lang='lat' dir='ltr'><strong>etiam</strong></span> <span class='ocrx_word' id='word_1_363' title='bbox 783 3242 942 3296; x_wconf 83' lang='lat' dir='ltr'><strong>hodie</strong></span> <span class='ocrx_word' id='word_1_364' title='bbox 968 3255 1275 3296; x_wconf 87' lang='lat' dir='ltr'><strong>sermonem</strong></span> <span class='ocrx_word' id='word_1_365' title='bbox 1305 3239 1646 3294; x_wconf 85' lang='lat' dir='ltr'><strong>instituamus</strong></span> <span class='ocrx_word' id='word_1_366' title='bbox 1677 3256 1690 3291; x_wconf 89' lang='lat'><strong>:</strong></span> <span class='ocrx_word' id='word_1_367' title='bbox 1720 3253 1827 3293; x_wconf 90' lang='lat' dir='ltr'><strong>non</strong></span> 
     </span>
    </p>
   </div>
   <div class='ocr_carea' id='block_1_54' title="bbox 227 3329 1832 3408">
    <p class='ocr_par' dir='ltr' id='par_1_54' title="bbox 227 3329 1832 3408">
     <span class='ocr_line' id='line_1_54' title="bbox 227 3329 1832 3408; baseline -0.006 -16"><span class='ocrx_word' id='word_1_368' title='bbox 227 3337 370 3408; x_wconf 89' lang='lat' dir='ltr'><strong>quod</strong></span> <span class='ocrx_word' id='word_1_369' title='bbox 402 3335 622 3390; x_wconf 90' lang='lat' dir='ltr'><strong>morbus</strong></span> <span class='ocrx_word' id='word_1_370' title='bbox 648 3335 715 3388; x_wconf 88' lang='lat' dir='ltr'><strong>sit</strong></span> <span class='ocrx_word' id='word_1_371' title='bbox 747 3334 817 3387; x_wconf 90' lang='lat' dir='ltr'><strong>ita</strong></span> <span class='ocrx_word' id='word_1_372' title='bbox 845 3331 1054 3387; x_wconf 86' lang='lat' dir='ltr'><strong>validus</strong></span> <span class='ocrx_word' id='word_1_373' title='bbox 1079 3372 1093 3396; x_wconf 89' lang='lat'><strong>,</strong></span> <span class='ocrx_word' id='word_1_374' title='bbox 1146 3331 1239 3386; x_wconf 90' lang='lat' dir='ltr'><strong>sed</strong></span> <span class='ocrx_word' id='word_1_375' title='bbox 1271 3331 1414 3401; x_wconf 88' lang='lat' dir='ltr'><strong>quod</strong></span> <span class='ocrx_word' id='word_1_376' title='bbox 1455 3329 1696 3385; x_wconf 87' lang='lat' dir='ltr'><strong>socordia</strong></span> <span class='ocrx_word' id='word_1_377' title='bbox 1727 3344 1832 3384; x_wconf 88' lang='lat' dir='ltr'><strong>no-</strong></span> 
     </span>
    </p>
   </div>
   <div class='ocr_carea' id='block_1_55' title="bbox 227 3420 1831 3493">
    <p class='ocr_par' dir='ltr' id='par_1_55' title="bbox 227 3420 1831 3493">
     <span class='ocr_line' id='line_1_55' title="bbox 227 3420 1831 3493; baseline -0.004 -11"><span class='ocrx_word' id='word_1_378' title='bbox 227 3436 343 3483; x_wconf 83' lang='lat' dir='ltr'><strong>stra</strong></span> <span class='ocrx_word' id='word_1_379' title='bbox 379 3427 449 3480; x_wconf 91' lang='lat' dir='ltr'><strong>sit</strong></span> <span class='ocrx_word' id='word_1_380' title='bbox 486 3424 848 3488; x_wconf 87' lang='lat' dir='ltr'><strong>incredibilis,</strong></span> <span class='ocrx_word' id='word_1_381' title='bbox 895 3438 1016 3493; x_wconf 78' lang='lat' dir='ltr'><strong>quae</strong></span> <span class='ocrx_word' id='word_1_382' title='bbox 1059 3422 1143 3477; x_wconf 89' lang='lat' dir='ltr'><strong>vel</strong></span> <span class='ocrx_word' id='word_1_383' title='bbox 1191 3422 1440 3475; x_wconf 90' lang='lat' dir='ltr'><strong>minimas</strong></span> <span class='ocrx_word' id='word_1_384' title='bbox 1489 3420 1831 3491; x_wconf 66' lang='lat' dir='ltr'><strong>mgritudincs</strong></span> 
     </span>
    </p>
   </div>
   <div class='ocr_carea' id='block_1_56' title="bbox 231 3513 1833 3592">
    <p class='ocr_par' dir='ltr' id='par_1_56' title="bbox 231 3513 1833 3592">
     <span class='ocr_line' id='line_1_56' title="bbox 231 3513 1833 3592; baseline -0.005 -18"><span class='ocrx_word' id='word_1_385' title='bbox 231 3533 552 3592; x_wconf 86' lang='lat' dir='ltr'><strong>permagnas</strong></span> <span class='ocrx_word' id='word_1_386' title='bbox 599 3517 778 3573; x_wconf 83' lang='lat' dir='ltr'><strong>faciat.</strong></span> <span class='ocrx_word' id='word_1_387' title='bbox 834 3515 1106 3586; x_wconf 86' lang='lat' dir='ltr'><strong>Siquidem</strong></span> <span class='ocrx_word' id='word_1_388' title='bbox 1153 3522 1208 3570; x_wconf 92' lang='lat' dir='ltr'><strong>et</strong></span> <span class='ocrx_word' id='word_1_389' title='bbox 1249 3529 1394 3570; x_wconf 66' lang='lat' dir='ltr'><strong>caeco</strong></span> <span class='ocrx_word' id='word_1_390' title='bbox 1429 3513 1479 3568; x_wconf 91' lang='lat' dir='ltr'><strong>id</strong></span> <span class='ocrx_word' id='word_1_391' title='bbox 1519 3515 1603 3569; x_wconf 89' lang='lat' dir='ltr'><strong>vel</strong></span> <span class='ocrx_word' id='word_1_392' title='bbox 1645 3521 1833 3567; x_wconf 86' lang='lat' dir='ltr'><strong>natura</strong></span> 
     </span>
    </p>
   </div>
   <div class='ocr_carea' id='block_1_57' title="bbox 231 3603 1836 3680">
    <p class='ocr_par' dir='ltr' id='par_1_57' title="bbox 231 3603 1836 3680">
     <span class='ocr_line' id='line_1_57' title="bbox 231 3603 1836 3680; baseline -0.005 -14"><span class='ocrx_word' id='word_1_393' title='bbox 231 3611 581 3680; x_wconf 88' lang='lat' dir='ltr'><strong>conspicuum</strong></span> <span class='ocrx_word' id='word_1_394' title='bbox 626 3618 743 3674; x_wconf 89' lang='lat' dir='ltr'><strong>est,</strong></span> <span class='ocrx_word' id='word_1_395' title='bbox 797 3606 936 3661; x_wconf 85' lang='lat' dir='ltr'><strong>ﬁdeli</strong></span> <span class='ocrx_word' id='word_1_396' title='bbox 984 3620 1176 3675; x_wconf 89' lang='lat' dir='ltr'><strong>nempe</strong></span> <span class='ocrx_word' id='word_1_397' title='bbox 1219 3620 1394 3674; x_wconf 89' lang='lat' dir='ltr'><strong>neque</strong></span> <span class='ocrx_word' id='word_1_398' title='bbox 1442 3603 1624 3659; x_wconf 86' lang='lat' dir='ltr'><strong>verbis</strong></span> <span class='ocrx_word' id='word_1_399' title='bbox 1662 3619 1836 3673; x_wconf 87' lang='lat' dir='ltr'><strong>neque</strong></span> 
     </span>
    </p>
   </div>
   <div class='ocr_carea' id='block_1_58' title="bbox 233 3694 1836 3771">
    <p class='ocr_par' dir='ltr' id='par_1_58' title="bbox 233 3694 1836 3771">
     <span class='ocr_line' id='line_1_58' title="bbox 233 3694 1836 3771; baseline -0.007 -14"><span class='ocrx_word' id='word_1_400' title='bbox 233 3703 479 3758; x_wconf 89' lang='lat' dir='ltr'><strong>doctrina</strong></span> <span class='ocrx_word' id='word_1_401' title='bbox 529 3714 666 3771; x_wconf 86' lang='lat' dir='ltr'><strong>opus</strong></span> <span class='ocrx_word' id='word_1_402' title='bbox 704 3713 824 3754; x_wconf 89' lang='lat' dir='ltr'><strong>esse</strong></span> <span class='ocrx_word' id='word_1_403' title='bbox 848 3739 863 3766; x_wconf 91' lang='lat'><strong>,</strong></span> <span class='ocrx_word' id='word_1_404' title='bbox 903 3706 962 3752; x_wconf 90' lang='lat' dir='ltr'><strong>nt</strong></span> <span class='ocrx_word' id='word_1_405' title='bbox 994 3697 1193 3751; x_wconf 92' lang='lat' dir='ltr'><strong>malum</strong></span> <span class='ocrx_word' id='word_1_406' title='bbox 1233 3695 1336 3749; x_wconf 89' lang='lat' dir='ltr'><strong>hoc</strong></span> <span class='ocrx_word' id='word_1_407' title='bbox 1363 3694 1600 3765; x_wconf 85' lang='lat' dir='ltr'><strong>ell‘ngiat.</strong></span> <span class='ocrx_word' id='word_1_408' title='bbox 1632 3694 1836 3761; x_wconf 90' lang='lat' dir='ltr'><strong>Quem-</strong></span> 
     </span>
    </p>
   </div>
   <div class='ocr_carea' id='block_1_59' title="bbox 234 3786 1835 3859">
    <p class='ocr_par' dir='ltr' id='par_1_59' title="bbox 234 3786 1835 3859">
     <span class='ocr_line' id='line_1_59' title="bbox 234 3786 1835 3859; baseline -0.006 -11"><span class='ocrx_word' id='word_1_409' title='bbox 234 3795 525 3849; x_wconf 88' lang='lat' dir='ltr'><strong>admodum</strong></span> <span class='ocrx_word' id='word_1_410' title='bbox 574 3791 719 3847; x_wconf 85' lang='lat' dir='ltr'><strong>enim</strong></span> <span class='ocrx_word' id='word_1_411' title='bbox 769 3791 852 3858; x_wconf 86' lang='lat' dir='ltr'><strong>ei,</strong></span> <span class='ocrx_word' id='word_1_412' title='bbox 899 3789 988 3859; x_wconf 89' lang='lat' dir='ltr'><strong>qui</strong></span> <span class='ocrx_word' id='word_1_413' title='bbox 1031 3799 1226 3842; x_wconf 87' lang='lat' dir='ltr'><strong>terram</strong></span> <span class='ocrx_word' id='word_1_414' title='bbox 1272 3795 1510 3842; x_wconf 85' lang='lat' dir='ltr'><strong>nostram</strong></span> <span class='ocrx_word' id='word_1_415' title='bbox 1553 3786 1835 3853; x_wconf 81' lang='lat' dir='ltr'><strong>inhabitet,</strong></span> 
     </span>
    </p>
   </div>
   <div class='ocr_carea' id='block_1_60' title="bbox 235 3878 1839 3956">
    <p class='ocr_par' dir='ltr' id='par_1_60' title="bbox 235 3878 1839 3956">
     <span class='ocr_line' id='line_1_60' title="bbox 235 3878 1839 3956; baseline -0.004 -18"><span class='ocrx_word' id='word_1_416' title='bbox 235 3885 447 3956; x_wconf 88' lang='lat' dir='ltr'><strong>legibus</strong></span> <span class='ocrx_word' id='word_1_417' title='bbox 473 3883 671 3937; x_wconf 91' lang='lat' dir='ltr'><strong>nostris</strong></span> <span class='ocrx_word' id='word_1_418' title='bbox 699 3889 916 3947; x_wconf 90' lang='lat' dir='ltr'><strong>utatur,</strong></span> <span class='ocrx_word' id='word_1_419' title='bbox 963 3879 1182 3949; x_wconf 88' lang='lat' dir='ltr'><strong>regibus</strong></span> <span class='ocrx_word' id='word_1_420' title='bbox 1231 3878 1421 3934; x_wconf 78' lang='lat' dir='ltr'><strong>iisdem</strong></span> <span class='ocrx_word' id='word_1_421' title='bbox 1467 3886 1681 3948; x_wconf 88' lang='lat' dir='ltr'><strong>pareat,</strong></span> <span class='ocrx_word' id='word_1_422' title='bbox 1731 3892 1839 3932; x_wconf 92' lang='lat' dir='ltr'><strong>non</strong></span> 
     </span>
    </p>
   </div>
   <div class='ocr_carea' id='block_1_61' title="bbox 239 3969 1840 4045">
    <p class='ocr_par' dir='ltr' id='par_1_61' title="bbox 239 3969 1840 4045">
     <span class='ocr_line' id='line_1_61' title="bbox 239 3969 1840 4045; baseline -0.007 -12"><span class='ocrx_word' id='word_1_423' title='bbox 239 3991 463 4032; x_wconf 86' lang='lat' dir='ltr'><strong>necesse</strong></span> <span class='ocrx_word' id='word_1_424' title='bbox 492 3985 574 4030; x_wconf 89' lang='lat' dir='ltr'><strong>est</strong></span> <span class='ocrx_word' id='word_1_425' title='bbox 604 3972 946 4045; x_wconf 85' lang='lat' dir='ltr'><strong>persuaderi,</strong></span> <span class='ocrx_word' id='word_1_426' title='bbox 988 3987 1056 4026; x_wconf 90' lang='lat' dir='ltr'><strong>ne</strong></span> <span class='ocrx_word' id='word_1_427' title='bbox 1095 3971 1379 4026; x_wconf 84' lang='lat' dir='ltr'><strong>Persarum</strong></span> <span class='ocrx_word' id='word_1_428' title='bbox 1431 3969 1670 4024; x_wconf 88' lang='lat' dir='ltr'><strong>instituta</strong></span> <span class='ocrx_word' id='word_1_429' title='bbox 1700 3969 1840 4039; x_wconf 84' lang='lat' dir='ltr'><strong>apud</strong></span> 
     </span>
    </p>
   </div>
   <div class='ocr_carea' id='block_1_62' title="bbox 238 4061 1842 4134">
    <p class='ocr_par' dir='ltr' id='par_1_62' title="bbox 238 4061 1842 4134">
     <span class='ocr_line' id='line_1_62' title="bbox 238 4061 1842 4134; baseline -0.003 -12"><span class='ocrx_word' id='word_1_430' title='bbox 238 4084 341 4122; x_wconf 89' lang='lat' dir='ltr'><strong>nos</strong></span> <span class='ocrx_word' id='word_1_431' title='bbox 368 4067 611 4130; x_wconf 88' lang='lat' dir='ltr'><strong>inducat,</strong></span> <span class='ocrx_word' id='word_1_432' title='bbox 654 4064 749 4120; x_wconf 89' lang='lat' dir='ltr'><strong>sed</strong></span> <span class='ocrx_word' id='word_1_433' title='bbox 780 4064 947 4119; x_wconf 90' lang='lat' dir='ltr'><strong>semel</strong></span> <span class='ocrx_word' id='word_1_434' title='bbox 978 4062 1254 4134; x_wconf 88' lang='lat' dir='ltr'><strong>prohiberi</strong></span> <span class='ocrx_word' id='word_1_435' title='bbox 1285 4072 1488 4117; x_wconf 90' lang='lat' dir='ltr'><strong>tantum</strong></span> <span class='ocrx_word' id='word_1_436' title='bbox 1519 4079 1532 4115; x_wconf 83' lang='lat'><strong>:</strong></span> <span class='ocrx_word' id='word_1_437' title='bbox 1558 4062 1636 4116; x_wconf 91' lang='lat' dir='ltr'><strong>sic</strong></span> <span class='ocrx_word' id='word_1_438' title='bbox 1659 4061 1842 4118; x_wconf 87' lang='lat' dir='ltr'><strong>et-hoc</strong></span> 
     </span>
    </p>
   </div>
   <div class='ocr_carea' id='block_1_63' title="bbox 240 4153 1845 4225">
    <p class='ocr_par' dir='ltr' id='par_1_63' title="bbox 240 4153 1845 4225">
     <span class='ocr_line' id='line_1_63' title="bbox 240 4153 1845 4225; baseline -0.006 -9"><span class='ocrx_word' id='word_1_439' title='bbox 240 4161 363 4216; x_wconf 85' lang='lat' dir='ltr'><strong>loco</strong></span> <span class='ocrx_word' id='word_1_440' title='bbox 411 4158 733 4214; x_wconf 82' lang='lat' dir='ltr'><strong>faciendum.</strong></span> <span class='ocrx_word' id='word_1_441' title='bbox 783 4155 915 4211; x_wconf 85' lang='lat' dir='ltr'><strong>Nam</strong></span> <span class='ocrx_word' id='word_1_442' title='bbox 946 4155 1088 4225; x_wconf 90' lang='lat' dir='ltr'><strong>quod</strong></span> <span class='ocrx_word' id='word_1_443' title='bbox 1120 4155 1184 4210; x_wconf 90' lang='lat' dir='ltr'><strong>ad</strong></span> <span class='ocrx_word' id='word_1_444' title='bbox 1214 4161 1432 4224; x_wconf 86' lang='lat' dir='ltr'><strong>peccata</strong></span> <span class='ocrx_word' id='word_1_445' title='bbox 1453 4153 1691 4210; x_wconf 87' lang='lat' dir='ltr'><strong>cavenda</strong></span> <span class='ocrx_word' id='word_1_446' title='bbox 1723 4167 1845 4222; x_wconf 90' lang='lat' dir='ltr'><strong>per-</strong></span> 
     </span>
    </p>
   </div>
   <div class='ocr_carea' id='block_1_64' title="bbox 241 4244 1844 4319">
    <p class='ocr_par' dir='ltr' id='par_1_64' title="bbox 241 4244 1844 4319">
     <span class='ocr_line' id='line_1_64' title="bbox 241 4244 1844 4319; baseline -0.006 -12"><span class='ocrx_word' id='word_1_447' title='bbox 241 4253 409 4318; x_wconf 85' lang='lat' dir='ltr'><strong>tinet,</strong></span> <span class='ocrx_word' id='word_1_448' title='bbox 460 4250 561 4304; x_wconf 86' lang='lat' dir='ltr'><strong>alia</strong></span> <span class='ocrx_word' id='word_1_449' title='bbox 602 4247 817 4319; x_wconf 89' lang='lat' dir='ltr'><strong>quidem</strong></span> <span class='ocrx_word' id='word_1_450' title='bbox 867 4256 995 4302; x_wconf 90' lang='lat' dir='ltr'><strong>sunt</strong></span> <span class='ocrx_word' id='word_1_451' title='bbox 1038 4262 1159 4317; x_wconf 67' lang='lat' dir='ltr'><strong>qua:</strong></span> <span class='ocrx_word' id='word_1_452' title='bbox 1202 4261 1453 4301; x_wconf 88' lang='lat' dir='ltr'><strong>sermone</strong></span> <span class='ocrx_word' id='word_1_453' title='bbox 1491 4244 1844 4313; x_wconf 88' lang='lat' dir='ltr'><strong>doctrinaque</strong></span> 
     </span>
    </p>
   </div>
   <div class='ocr_carea' id='block_1_65' title="bbox 241 4336 1844 4414">
    <p class='ocr_par' dir='ltr' id='par_1_65' title="bbox 241 4336 1844 4414">
     <span class='ocr_line' id='line_1_65' title="bbox 241 4336 1844 4414; baseline -0.006 -16"><span class='ocrx_word' id='word_1_454' title='bbox 241 4352 427 4414; x_wconf 86' lang='lat' dir='ltr'><strong>egent,</strong></span> <span class='ocrx_word' id='word_1_455' title='bbox 459 4342 561 4397; x_wconf 88' lang='lat' dir='ltr'><strong>alia</strong></span> <span class='ocrx_word' id='word_1_456' title='bbox 586 4356 715 4396; x_wconf 90' lang='lat' dir='ltr'><strong>vero</strong></span> <span class='ocrx_word' id='word_1_457' title='bbox 740 4340 809 4394; x_wconf 87' lang='lat' dir='ltr'><strong>ita</strong></span> <span class='ocrx_word' id='word_1_458' title='bbox 837 4339 1115 4394; x_wconf 83' lang='lat' dir='ltr'><strong>manifesta</strong></span> <span class='ocrx_word' id='word_1_459' title='bbox 1143 4348 1198 4394; x_wconf 91' lang='lat' dir='ltr'><strong>et</strong></span> <span class='ocrx_word' id='word_1_460' title='bbox 1219 4339 1384 4404; x_wconf 86' lang='lat' dir='ltr'><strong>clara,</strong></span> <span class='ocrx_word' id='word_1_461' title='bbox 1417 4346 1476 4392; x_wconf 92' lang='lat' dir='ltr'><strong>ut</strong></span> <span class='ocrx_word' id='word_1_462' title='bbox 1502 4346 1645 4392; x_wconf 89' lang='lat' dir='ltr'><strong>metu</strong></span> <span class='ocrx_word' id='word_1_463' title='bbox 1670 4336 1844 4390; x_wconf 88' lang='lat' dir='ltr'><strong>solum</strong></span> 
     </span>
    </p>
   </div>
   <div class='ocr_carea' id='block_1_66' title="bbox 240 4427 1845 4504">
    <p class='ocr_par' dir='ltr' id='par_1_66' title="bbox 240 4427 1845 4504">
     <span class='ocr_line' id='line_1_66' title="bbox 240 4427 1845 4504; baseline -0.006 -13"><span class='ocrx_word' id='word_1_464' title='bbox 240 4451 310 4491; x_wconf 89' lang='lat' dir='ltr'><strong>ac</strong></span> <span class='ocrx_word' id='word_1_465' title='bbox 349 4434 609 4504; x_wconf 83' lang='lat' dir='ltr'><strong>supplicio</strong></span> <span class='ocrx_word' id='word_1_466' title='bbox 653 4440 1005 4487; x_wconf 81' lang='lat' dir='ltr'><strong>coerceantur</strong></span> <span class='ocrx_word' id='word_1_467' title='bbox 1036 4450 1048 4484; x_wconf 89' lang='lat'><strong>:</strong></span> <span class='ocrx_word' id='word_1_468' title='bbox 1080 4430 1232 4500; x_wconf 88' lang='lat' dir='ltr'><strong>cujus</strong></span> <span class='ocrx_word' id='word_1_469' title='bbox 1271 4429 1484 4499; x_wconf 84' lang='lat' dir='ltr'><strong>generis</strong></span> <span class='ocrx_word' id='word_1_470' title='bbox 1524 4437 1668 4491; x_wconf 92' lang='lat' dir='ltr'><strong>sunt,</strong></span> <span class='ocrx_word' id='word_1_471' title='bbox 1699 4427 1845 4482; x_wconf 87' lang='lat' dir='ltr'><strong>occi-</strong></span> 
     </span>
    </p>
   </div>
   <div class='ocr_carea' id='block_1_67' title="bbox 241 4521 1848 4592">
    <p class='ocr_par' dir='ltr' id='par_1_67' title="bbox 241 4521 1848 4592">
     <span class='ocr_line' id='line_1_67' title="bbox 241 4521 1848 4592; baseline -0.006 -10"><span class='ocrx_word' id='word_1_472' title='bbox 241 4528 399 4592; x_wconf 85' lang='lat' dir='ltr'><strong>dere,</strong></span> <span class='ocrx_word' id='word_1_473' title='bbox 431 4524 752 4580; x_wconf 83' lang='lat' dir='ltr'><strong>adulterium</strong></span> <span class='ocrx_word' id='word_1_474' title='bbox 781 4523 1087 4587; x_wconf 87' lang='lat' dir='ltr'><strong>admittere,</strong></span> <span class='ocrx_word' id='word_1_475' title='bbox 1118 4521 1303 4583; x_wconf 87' lang='lat' dir='ltr'><strong>furari,</strong></span> <span class='ocrx_word' id='word_1_476' title='bbox 1324 4535 1443 4592; x_wconf 62' lang='lat' dir='ltr'><strong>quae</strong></span> <span class='ocrx_word' id='word_1_477' title='bbox 1468 4521 1711 4575; x_wconf 88' lang='lat' dir='ltr'><strong>oratione</strong></span> <span class='ocrx_word' id='word_1_478' title='bbox 1741 4534 1848 4573; x_wconf 92' lang='lat' dir='ltr'><strong>non</strong></span> 
     </span>
    </p>
   </div>
   <div class='ocr_carea' id='block_1_68' title="bbox 241 4611 1852 4689">
    <p class='ocr_par' dir='ltr' id='par_1_68' title="bbox 241 4611 1852 4689">
     <span class='ocr_line' id='line_1_68' title="bbox 241 4611 1852 4689; baseline -0.006 -16"><span class='ocrx_word' id='word_1_479' title='bbox 241 4627 429 4689; x_wconf 75' lang='lat' dir='ltr'><strong>egent.</strong></span> <span class='ocrx_word' id='word_1_480' title='bbox 474 4615 837 4683; x_wconf 84' lang='lat' dir='ltr'><strong>Quamobrem</strong></span> <span class='ocrx_word' id='word_1_481' title='bbox 881 4613 1156 4684; x_wconf 84' lang='lat' dir='ltr'><strong>legislator</strong></span> <span class='ocrx_word' id='word_1_482' title='bbox 1185 4628 1293 4667; x_wconf 92' lang='lat' dir='ltr'><strong>non</strong></span> <span class='ocrx_word' id='word_1_483' title='bbox 1333 4613 1634 4667; x_wconf 89' lang='lat' dir='ltr'><strong>doctrinam</strong></span> <span class='ocrx_word' id='word_1_484' title='bbox 1675 4611 1852 4681; x_wconf 90' lang='lat' dir='ltr'><strong>posuit</strong></span> 
     </span>
    </p>
   </div>
   <div class='ocr_carea' id='block_1_69' title="bbox 241 4702 1850 4780">
    <p class='ocr_par' dir='ltr' id='par_1_69' title="bbox 241 4702 1850 4780">
     <span class='ocr_line' id='line_1_69' title="bbox 241 4702 1850 4780; baseline -0.006 -16"><span class='ocrx_word' id='word_1_485' title='bbox 241 4725 352 4780; x_wconf 92' lang='lat' dir='ltr'><strong>qua</strong></span> <span class='ocrx_word' id='word_1_486' title='bbox 381 4722 541 4762; x_wconf 90' lang='lat' dir='ltr'><strong>aures</strong></span> <span class='ocrx_word' id='word_1_487' title='bbox 584 4715 783 4760; x_wconf 64' lang='lat' dir='ltr'><strong>nostrae</strong></span> <span class='ocrx_word' id='word_1_488' title='bbox 825 4713 1208 4776; x_wconf 89' lang='lat' dir='ltr'><strong>personarent,</strong></span> <span class='ocrx_word' id='word_1_489' title='bbox 1254 4713 1307 4758; x_wconf 92' lang='lat' dir='ltr'><strong>et</strong></span> <span class='ocrx_word' id='word_1_490' title='bbox 1347 4718 1462 4758; x_wconf 89' lang='lat' dir='ltr'><strong>rem</strong></span> <span class='ocrx_word' id='word_1_491' title='bbox 1505 4717 1626 4759; x_wconf 89' lang='lat' dir='ltr'><strong>esse</strong></span> <span class='ocrx_word' id='word_1_492' title='bbox 1653 4702 1850 4756; x_wconf 87' lang='lat' dir='ltr'><strong>malam</strong></span> 
     </span>
    </p>
   </div>
   <div class='ocr_carea' id='block_1_70' title="bbox 246 4796 1851 4866">
    <p class='ocr_par' dir='ltr' id='par_1_70' title="bbox 246 4796 1851 4866">
     <span class='ocr_line' id='line_1_70' title="bbox 246 4796 1851 4866; baseline -0.005 -10"><span class='ocrx_word' id='word_1_493' title='bbox 246 4799 580 4856; x_wconf 87' lang='lat' dir='ltr'><strong>indicaretur</strong></span> <span class='ocrx_word' id='word_1_494' title='bbox 610 4817 623 4853; x_wconf 85' lang='lat'><strong>:</strong></span> <span class='ocrx_word' id='word_1_495' title='bbox 655 4796 782 4853; x_wconf 89' lang='lat' dir='ltr'><strong>illud</strong></span> <span class='ocrx_word' id='word_1_496' title='bbox 831 4797 973 4852; x_wconf 91' lang='lat' dir='ltr'><strong>enim</strong></span> <span class='ocrx_word' id='word_1_497' title='bbox 1025 4797 1136 4866; x_wconf 89' lang='lat' dir='ltr'><strong>jam</strong></span> <span class='ocrx_word' id='word_1_498' title='bbox 1180 4796 1561 4865; x_wconf 82' lang='lat' dir='ltr'><strong>cogitationem</strong></span> <span class='ocrx_word' id='word_1_499' title='bbox 1612 4806 1851 4849; x_wconf 90' lang='lat' dir='ltr'><strong>nostram</strong></span> 
     </span>
    </p>
   </div>
   <div class='ocr_carea' id='block_1_71' title="bbox 244 4885 1852 4964">
    <p class='ocr_par' dir='ltr' id='par_1_71' title="bbox 244 4885 1852 4964">
     <span class='ocr_line' id='line_1_71' title="bbox 244 4885 1852 4964; baseline -0.004 -19"><span class='ocrx_word' id='word_1_500' title='bbox 244 4897 738 4964; x_wconf 76' lang='lat' dir='ltr'><strong>prmoccupaverat;</strong></span> <span class='ocrx_word' id='word_1_501' title='bbox 769 4888 863 4944; x_wconf 89' lang='lat' dir='ltr'><strong>sed</strong></span> <span class='ocrx_word' id='word_1_502' title='bbox 889 4888 1061 4942; x_wconf 81' lang='lat' dir='ltr'><strong>solum</strong></span> <span class='ocrx_word' id='word_1_503' title='bbox 1083 4886 1371 4958; x_wconf 89' lang='lat' dir='ltr'><strong>prohibuit,</strong></span> <span class='ocrx_word' id='word_1_504' title='bbox 1394 4885 1509 4941; x_wconf 89' lang='lat' dir='ltr'><strong>Non</strong></span> <span class='ocrx_word' id='word_1_505' title='bbox 1534 4885 1852 4941; x_wconf 89' lang='lat' dir='ltr'><strong>adulterium</strong></span> 
     </span>
    </p>
   </div>
   <div class='ocr_carea' id='block_1_72' title="bbox 246 4977 1857 5053">
    <p class='ocr_par' dir='ltr' id='par_1_72' title="bbox 246 4977 1857 5053">
     <span class='ocr_line' id='line_1_72' title="bbox 246 4977 1857 5053; baseline -0.004 -15"><span class='ocrx_word' id='word_1_506' title='bbox 246 4985 530 5052; x_wconf 88' lang='lat' dir='ltr'><strong>admittes,</strong></span> <span class='ocrx_word' id='word_1_507' title='bbox 561 4999 667 5038; x_wconf 87' lang='lat' dir='ltr'><strong>non</strong></span> <span class='ocrx_word' id='word_1_508' title='bbox 698 4982 910 5038; x_wconf 80' lang='lat' dir='ltr'><strong>occides</strong></span> <span class='ocrx_word' id='word_1_509' title='bbox 938 4980 1116 5053; x_wconf 84' lang='lat' dir='ltr'><strong>(Deut.</strong></span> <span class='ocrx_word' id='word_1_510' title='bbox 1150 4981 1204 5036; x_wconf 85' lang='lat'><strong>5.</strong></span> <span class='ocrx_word' id='word_1_511' title='bbox 1235 4982 1323 5034; x_wconf 85' lang='lat' dir='ltr'><strong>l7.</strong></span> <span class='ocrx_word' id='word_1_512' title='bbox 1357 4979 1470 5050; x_wconf 77' lang='lat' dir='ltr'><strong>l8).</strong></span> <span class='ocrx_word' id='word_1_513' title='bbox 1509 4979 1610 5035; x_wconf 87' lang='lat' dir='ltr'><strong>Ubi</strong></span> <span class='ocrx_word' id='word_1_514' title='bbox 1633 4994 1760 5034; x_wconf 90' lang='lat' dir='ltr'><strong>vero</strong></span> <span class='ocrx_word' id='word_1_515' title='bbox 1789 4977 1857 5032; x_wconf 88' lang='lat' dir='ltr'><strong>de</strong></span> 
     </span>
    </p>
   </div>
   <div class='ocr_carea' id='block_1_73' title="bbox 249 5075 1858 5148">
    <p class='ocr_par' dir='ltr' id='par_1_73' title="bbox 249 5075 1858 5148">
     <span class='ocr_line' id='line_1_73' title="bbox 249 5075 1858 5148; baseline -0.002 -16"><span class='ocrx_word' id='word_1_516' title='bbox 249 5078 539 5133; x_wconf 76' lang='lat' dir='ltr'><strong>viduarum</strong></span> <span class='ocrx_word' id='word_1_517' title='bbox 583 5079 838 5146; x_wconf 88' lang='lat' dir='ltr'><strong>despectu</strong></span> <span class='ocrx_word' id='word_1_518' title='bbox 865 5120 878 5145; x_wconf 94' lang='lat'><strong>,</strong></span> <span class='ocrx_word' id='word_1_519' title='bbox 911 5077 1087 5148; x_wconf 86' lang='lat' dir='ltr'><strong>deque</strong></span> <span class='ocrx_word' id='word_1_520' title='bbox 1127 5075 1494 5146; x_wconf 88' lang='lat' dir='ltr'><strong>depositorum</strong></span> <span class='ocrx_word' id='word_1_521' title='bbox 1525 5077 1716 5131; x_wconf 88' lang='lat' dir='ltr'><strong>violata</strong></span> <span class='ocrx_word' id='word_1_522' title='bbox 1753 5076 1858 5130; x_wconf 88' lang='lat' dir='ltr'><strong>ﬁde</strong></span> 
     </span>
    </p>
   </div>
   <div class='ocr_carea' id='block_1_74' title="bbox 251 5168 1854 5242">
    <p class='ocr_par' dir='ltr' id='par_1_74' title="bbox 251 5168 1854 5242">
     <span class='ocr_line' id='line_1_74' title="bbox 251 5168 1854 5242; baseline -0.002 -16"><span class='ocrx_word' id='word_1_523' title='bbox 251 5188 357 5227; x_wconf 88' lang='lat' dir='ltr'><strong>nos</strong></span> <span class='ocrx_word' id='word_1_524' title='bbox 383 5171 691 5242; x_wconf 79' lang='lat' dir='ltr'><strong>alloquitur,</strong></span> <span class='ocrx_word' id='word_1_525' title='bbox 721 5179 845 5225; x_wconf 90' lang='lat' dir='ltr'><strong>tunc</strong></span> <span class='ocrx_word' id='word_1_526' title='bbox 877 5171 1112 5225; x_wconf 87' lang='lat' dir='ltr'><strong>rationes</strong></span> <span class='ocrx_word' id='word_1_527' title='bbox 1133 5169 1334 5239; x_wconf 80' lang='lat' dir='ltr'><strong>adjicit.</strong></span> <span class='ocrx_word' id='word_1_528' title='bbox 1370 5168 1635 5234; x_wconf 76' lang='lat' dir='ltr'><strong>Miserere,</strong></span> <span class='ocrx_word' id='word_1_529' title='bbox 1666 5168 1854 5237; x_wconf 89' lang='lat' dir='ltr'><strong>inquit,</strong></span> 
     </span>
    </p>
   </div>
   <div class='ocr_carea' id='block_1_75' title="bbox 251 5262 1859 5332">
    <p class='ocr_par' dir='ltr' id='par_1_75' title="bbox 251 5262 1859 5332">
     <span class='ocr_line' id='line_1_75' title="bbox 251 5262 1859 5332; baseline -0.004 -13"><span class='ocrx_word' id='word_1_530' title='bbox 251 5266 498 5327; x_wconf 73' lang='lat' dir='ltr'><strong>viduam,</strong></span> <span class='ocrx_word' id='word_1_531' title='bbox 541 5275 588 5318; x_wconf 82' lang='lat' dir='ltr'><strong>et</strong></span> <span class='ocrx_word' id='word_1_532' title='bbox 638 5263 935 5316; x_wconf 83' lang='lat' dir='ltr'><strong>advenam:</strong></span> <span class='ocrx_word' id='word_1_533' title='bbox 979 5263 1162 5316; x_wconf 83' lang='lat' dir='ltr'><strong>etenim</strong></span> <span class='ocrx_word' id='word_1_534' title='bbox 1194 5274 1242 5315; x_wconf 86' lang='lat' dir='ltr'><strong>et</strong></span> <span class='ocrx_word' id='word_1_535' title='bbox 1283 5273 1335 5315; x_wconf 84' lang='lat' dir='ltr'><strong>tu</strong></span> <span class='ocrx_word' id='word_1_536' title='bbox 1381 5262 1575 5316; x_wconf 82' lang='lat' dir='ltr'><strong>aduena</strong></span> <span class='ocrx_word' id='word_1_537' title='bbox 1620 5262 1762 5332; x_wconf 79' lang='lat' dir='ltr'><strong>fuisti</strong></span> <span class='ocrx_word' id='word_1_538' title='bbox 1807 5263 1859 5314; x_wconf 83' lang='lat' dir='ltr'><strong>in</strong></span> 
     </span>
    </p>
   </div>
   <div class='ocr_carea' id='block_1_76' title="bbox 257 5353 1854 5427">
    <p class='ocr_par' dir='ltr' id='par_1_76' title="bbox 257 5353 1854 5427">
     <span class='ocr_line' id='line_1_76' title="bbox 257 5353 1854 5427; baseline -0.003 -16"><span class='ocrx_word' id='word_1_539' title='bbox 257 5368 396 5412; x_wconf 83' lang='lat' dir='ltr'><strong>terra</strong></span> <span class='ocrx_word' id='word_1_540' title='bbox 434 5355 654 5427; x_wconf 49' lang='lat' dir='ltr'><strong>[Egypti</strong></span> <span class='ocrx_word' id='word_1_541' title='bbox 687 5355 866 5427; x_wconf 78' lang='lat' dir='ltr'><strong>(Deut.</strong></span> <span class='ocrx_word' id='word_1_542' title='bbox 896 5355 981 5409; x_wconf 77' lang='lat' dir='ltr'><strong>l0.</strong></span> <span class='ocrx_word' id='word_1_543' title='bbox 1015 5355 1127 5424; x_wconf 78' lang='grc'><strong>18).</strong></span> <span class='ocrx_word' id='word_1_544' title='bbox 1189 5354 1469 5410; x_wconf 80' lang='lat' dir='ltr'><strong>Sabbutum</strong></span> <span class='ocrx_word' id='word_1_545' title='bbox 1508 5357 1678 5423; x_wconf 77' lang='lat' dir='ltr'><strong>requie</strong></span> <span class='ocrx_word' id='word_1_546' title='bbox 1726 5353 1854 5421; x_wconf 81' lang='lat' dir='ltr'><strong>cole,</strong></span> 
     </span>
    </p>
   </div>
   <div class='ocr_carea' id='block_1_77' title="bbox 254 5446 1861 5519">
    <p class='ocr_par' dir='ltr' id='par_1_77' title="bbox 254 5446 1861 5519">
     <span class='ocr_line' id='line_1_77' title="bbox 254 5446 1861 5519; baseline -0.001 -16"><span class='ocrx_word' id='word_1_547' title='bbox 254 5449 435 5519; x_wconf 83' lang='lat' dir='ltr'><strong>inquit</strong></span> <span class='ocrx_word' id='word_1_548' title='bbox 483 5447 690 5519; x_wconf 78' lang='lat' dir='ltr'><strong>(Exod.</strong></span> <span class='ocrx_word' id='word_1_549' title='bbox 737 5446 829 5502; x_wconf 66' lang='grc' dir='ltr'><strong>ΞΟ.</strong></span> <span class='ocrx_word' id='word_1_550' title='bbox 879 5448 963 5502; x_wconf 83' lang='grc'><strong>10.</strong></span> <span class='ocrx_word' id='word_1_551' title='bbox 1006 5456 1055 5501; x_wconf 86' lang='lat' dir='ltr'><strong>et</strong></span> <span class='ocrx_word' id='word_1_552' title='bbox 1090 5447 1352 5518; x_wconf 53' lang='lat'><strong>$.15):</strong></span> <span class='ocrx_word' id='word_1_553' title='bbox 1399 5447 1591 5503; x_wconf 88' lang='lat' dir='ltr'><strong>deinde</strong></span> <span class='ocrx_word' id='word_1_554' title='bbox 1643 5462 1861 5502; x_wconf 83' lang='lat' dir='ltr'><strong>oausam</strong></span> 
     </span>
    </p>
   </div>
   <div class='ocr_carea' id='block_1_78' title="bbox 257 5540 483 5596">
    <p class='ocr_par' dir='ltr' id='par_1_78' title="bbox 257 5540 483 5596">
     <span class='ocr_line' id='line_1_78' title="bbox 257 5540 483 5596; baseline -0.009 -1"><span class='ocrx_word' id='word_1_555' title='bbox 257 5540 417 5596; x_wconf 73' lang='lat' dir='ltr'><strong>affert</strong></span> <span class='ocrx_word' id='word_1_556' title='bbox 445 5542 483 5593; x_wconf 79' lang='grc' dir='ltr'><strong>ί.</strong></span> 
     </span>
    </p>
   </div>
   <div class='ocr_carea' id='block_1_79' title="bbox 338 5632 1862 5704">
    <p class='ocr_par' dir='ltr' id='par_1_79' title="bbox 338 5632 1862 5704">
     <span class='ocr_line' id='line_1_79' title="bbox 338 5632 1862 5704; baseline -0.001 -16"><span class='ocrx_word' id='word_1_557' title='bbox 338 5633 526 5688; x_wconf 79' lang='lat' dir='ltr'><strong>Fatum</strong></span> <span class='ocrx_word' id='word_1_558' title='bbox 562 5634 765 5687; x_wconf 81' lang='lat' dir='ltr'><strong>omnino</strong></span> <span class='ocrx_word' id='word_1_559' title='bbox 791 5632 1158 5686; x_wconf 81' lang='lat' dir='ltr'><strong>damnandum.</strong></span> <span class='ocrx_word' id='word_1_560' title='bbox 1186 5663 1257 5672; x_wconf 89' lang='lat'><strong>—-</strong></span> <span class='ocrx_word' id='word_1_561' title='bbox 1287 5633 1476 5688; x_wconf 81' lang='lat' dir='ltr'><strong>Fatum</strong></span> <span class='ocrx_word' id='word_1_562' title='bbox 1502 5635 1679 5704; x_wconf 84' lang='lat' dir='ltr'><strong>ilaque</strong></span> <span class='ocrx_word' id='word_1_563' title='bbox 1705 5649 1862 5689; x_wconf 79' lang='lat' dir='ltr'><strong>aver—</strong></span> 
     </span>
    </p>
   </div>
   <div class='ocr_carea' id='block_1_80' title="bbox 261 5706 1863 5796">
    <p class='ocr_par' dir='ltr' id='par_1_80' title="bbox 261 5706 1863 5796">
     <span class='ocr_line' id='line_1_80' title="bbox 261 5706 1863 5796; baseline 0 -14"><span class='ocrx_word' id='word_1_564' title='bbox 261 5706 403 5790; x_wconf 64' lang='lat' dir='ltr'><strong>Em,</strong></span> <span class='ocrx_word' id='word_1_565' title='bbox 446 5740 553 5779; x_wconf 91' lang='lat' dir='ltr'><strong>non</strong></span> <span class='ocrx_word' id='word_1_566' title='bbox 599 5734 925 5794; x_wconf 64' lang='lat' dir='ltr'><strong>praeceptum</strong></span> <span class='ocrx_word' id='word_1_567' title='bbox 954 5734 1035 5777; x_wconf 88' lang='lat' dir='ltr'><strong>est</strong></span> <span class='ocrx_word' id='word_1_568' title='bbox 1063 5723 1202 5793; x_wconf 87' lang='lat' dir='ltr'><strong>quod</strong></span> <span class='ocrx_word' id='word_1_569' title='bbox 1235 5725 1512 5780; x_wconf 86' lang='lat' dir='ltr'><strong>ratiocinio</strong></span> <span class='ocrx_word' id='word_1_570' title='bbox 1553 5733 1704 5796; x_wconf 73' lang='lat' dir='ltr'><strong>egeat</strong></span> <span class='ocrx_word' id='word_1_571' title='bbox 1726 5766 1739 5792; x_wconf 94' lang='lat'><strong>,</strong></span> <span class='ocrx_word' id='word_1_572' title='bbox 1769 5725 1863 5782; x_wconf 77' lang='lat' dir='ltr'><strong>sed</strong></span> 
     </span>
    </p>
   </div>
   <div class='ocr_carea' id='block_1_81' title="bbox 328 5833 1515 5902">
    <p class='ocr_par' dir='ltr' id='par_1_81' title="bbox 328 5833 1515 5902">
     <span class='ocr_line' id='line_1_81' title="bbox 328 5833 1515 5902; baseline 0.002 -14"><span class='ocrx_word' id='word_1_573' title='bbox 328 5846 341 5874; x_wconf 76' lang='grc' dir='ltr'>ι</span> <span class='ocrx_word' id='word_1_574' title='bbox 380 5838 518 5901; x_wconf 82' lang='lat' dir='ltr'><strong>lllud,</strong></span> <span class='ocrx_word' id='word_1_575' title='bbox 548 5838 722 5891; x_wconf 71' lang='lat' dir='ltr'><strong>dt&#39;indc</strong></span> <span class='ocrx_word' id='word_1_576' title='bbox 746 5853 942 5890; x_wconf 70' lang='lat' dir='ltr'><strong>causmn</strong></span> <span class='ocrx_word' id='word_1_577' title='bbox 967 5833 1126 5902; x_wconf 78' lang='lat' dir='ltr'><strong>nﬂ‘c&#39;rt,</strong></span> <span class='ocrx_word' id='word_1_578' title='bbox 1146 5838 1289 5890; x_wconf 79' lang='lat' dir='ltr'><strong>deest</strong></span> <span class='ocrx_word' id='word_1_579' title='bbox 1310 5840 1360 5890; x_wconf 88' lang='lat' dir='ltr'><strong>in</strong></span> <span class='ocrx_word' id='word_1_580' title='bbox 1383 5839 1515 5890; x_wconf 72' lang='lat' dir='ltr'><strong>Coll).</strong></span> 
     </span>
    </p>
   </div>
   <div class='ocr_carea' id='block_1_82' title="bbox 1934 2968 3611 3041">
    <p class='ocr_par' dir='ltr' id='par_1_82' title="bbox 1934 2968 3611 3041">
     <span class='ocr_line' id='line_1_82' title="bbox 1934 2968 3611 3041; baseline -0.002 -18"><span class='ocrx_word' id='word_1_581' title='bbox 1934 2984 2001 3023; x_wconf 78' lang='lat' dir='ltr'><strong>ex</strong></span> <span class='ocrx_word' id='word_1_582' title='bbox 2047 2969 2152 3025; x_wconf 92' lang='lat' dir='ltr'><strong>illis</strong></span> <span class='ocrx_word' id='word_1_583' title='bbox 2198 2971 2495 3041; x_wconf 77' lang='lat' dir='ltr'><strong>perSpicuis</strong></span> <span class='ocrx_word' id='word_1_584' title='bbox 2533 2981 2638 3026; x_wconf 91' lang='lat' dir='ltr'><strong>est.</strong></span> <span class='ocrx_word' id='word_1_585' title='bbox 2685 2970 2819 3026; x_wconf 84' lang='lat' dir='ltr'><strong>Nam</strong></span> <span class='ocrx_word' id='word_1_586' title='bbox 2863 2969 3316 3041; x_wconf 83' lang='lat' dir='ltr'><strong>quemadmodum</strong></span> <span class='ocrx_word' id='word_1_587' title='bbox 3369 2968 3543 3039; x_wconf 89' lang='lat' dir='ltr'><strong>palam</strong></span> <span class='ocrx_word' id='word_1_588' title='bbox 3605 2991 3611 3000; x_wconf 90' lang='lat'><strong><em>-</em></strong></span> 
     </span>
    </p>
   </div>
   <div class='ocr_carea' id='block_1_83' title="bbox 1935 3059 3544 3132">
    <p class='ocr_par' dir='ltr' id='par_1_83' title="bbox 1935 3059 3544 3132">
     <span class='ocr_line' id='line_1_83' title="bbox 1935 3059 3544 3132; baseline -0.002 -16"><span class='ocrx_word' id='word_1_589' title='bbox 1935 3069 2021 3116; x_wconf 90' lang='lat' dir='ltr'><strong>est</strong></span> <span class='ocrx_word' id='word_1_590' title='bbox 2045 3061 2249 3116; x_wconf 78' lang='lat' dir='ltr'><strong>caedem</strong></span> <span class='ocrx_word' id='word_1_591' title='bbox 2279 3070 2334 3116; x_wconf 93' lang='lat' dir='ltr'><strong>et</strong></span> <span class='ocrx_word' id='word_1_592' title='bbox 2360 3062 2681 3117; x_wconf 88' lang='lat' dir='ltr'><strong>adulterimn</strong></span> <span class='ocrx_word' id='word_1_593' title='bbox 2710 3077 2830 3117; x_wconf 91' lang='lat' dir='ltr'><strong>esse</strong></span> <span class='ocrx_word' id='word_1_594' title='bbox 2872 3063 3011 3116; x_wconf 88' lang='lat' dir='ltr'><strong>mala</strong></span> <span class='ocrx_word' id='word_1_595' title='bbox 3051 3071 3107 3116; x_wconf 91' lang='lat' dir='ltr'><strong>et</strong></span> <span class='ocrx_word' id='word_1_596' title='bbox 3137 3061 3402 3132; x_wconf 85' lang='lat' dir='ltr'><strong>prohibita</strong></span> <span class='ocrx_word' id='word_1_597' title='bbox 3427 3101 3442 3123; x_wconf 91' lang='lat'><strong>,</strong></span> <span class='ocrx_word' id='word_1_598' title='bbox 3472 3059 3544 3112; x_wconf 83' lang='lat' dir='ltr'><strong>ita</strong></span> 
     </span>
    </p>
   </div>
   <div class='ocr_carea' id='block_1_84' title="bbox 1938 3149 3540 3237">
    <p class='ocr_par' dir='ltr' id='par_1_84' title="bbox 1938 3149 3540 3237">
     <span class='ocr_line' id='line_1_84' title="bbox 1938 3149 3540 3237; baseline -0.003 -30"><span class='ocrx_word' id='word_1_599' title='bbox 1938 3153 2284 3237; x_wconf 71' lang='lat' dir='ltr'><strong>perSpicuum</strong></span> <span class='ocrx_word' id='word_1_600' title='bbox 2312 3161 2395 3208; x_wconf 90' lang='lat' dir='ltr'><strong>est</strong></span> <span class='ocrx_word' id='word_1_601' title='bbox 2422 3152 2590 3208; x_wconf 87' lang='lat' dir='ltr'><strong>fatum</strong></span> <span class='ocrx_word' id='word_1_602' title='bbox 2618 3154 2778 3208; x_wconf 87' lang='lat' dir='ltr'><strong>etiam</strong></span> <span class='ocrx_word' id='word_1_603' title='bbox 2802 3167 2926 3209; x_wconf 88' lang='lat' dir='ltr'><strong>esse</strong></span> <span class='ocrx_word' id='word_1_604' title='bbox 2954 3152 3155 3207; x_wconf 90' lang='lat' dir='ltr'><strong>malum</strong></span> <span class='ocrx_word' id='word_1_605' title='bbox 3196 3167 3261 3207; x_wconf 88' lang='lat' dir='ltr'><strong>ac</strong></span> <span class='ocrx_word' id='word_1_606' title='bbox 3298 3149 3540 3222; x_wconf 80' lang='lat' dir='ltr'><strong>prohibi-</strong></span> 
     </span>
    </p>
   </div>
   <div class='ocr_carea' id='block_1_85' title="bbox 1939 3239 3548 3316">
    <p class='ocr_par' dir='ltr' id='par_1_85' title="bbox 1939 3239 3548 3316">
     <span class='ocr_line' id='line_1_85' title="bbox 1939 3239 3548 3316; baseline -0.004 -18"><span class='ocrx_word' id='word_1_607' title='bbox 1939 3253 2050 3298; x_wconf 92' lang='lat' dir='ltr'><strong>tum</strong></span> <span class='ocrx_word' id='word_1_608' title='bbox 2086 3263 2100 3299; x_wconf 91' lang='lat'><strong>:</strong></span> <span class='ocrx_word' id='word_1_609' title='bbox 2131 3259 2304 3316; x_wconf 90' lang='lat' dir='ltr'><strong>neque</strong></span> <span class='ocrx_word' id='word_1_610' title='bbox 2332 3245 2476 3300; x_wconf 90' lang='lat' dir='ltr'><strong>enim</strong></span> <span class='ocrx_word' id='word_1_611' title='bbox 2506 3259 2574 3299; x_wconf 81' lang='lat' dir='ltr'><strong>ex</strong></span> <span class='ocrx_word' id='word_1_612' title='bbox 2617 3258 2684 3298; x_wconf 92' lang='lat' dir='ltr'><strong>eo</strong></span> <span class='ocrx_word' id='word_1_613' title='bbox 2725 3244 2868 3314; x_wconf 93' lang='lat' dir='ltr'><strong>quod</strong></span> <span class='ocrx_word' id='word_1_614' title='bbox 2908 3243 3070 3314; x_wconf 90' lang='lat' dir='ltr'><strong>aliqui</strong></span> <span class='ocrx_word' id='word_1_615' title='bbox 3108 3243 3207 3312; x_wconf 86' lang='lat' dir='ltr'><strong>ipsi</strong></span> <span class='ocrx_word' id='word_1_616' title='bbox 3248 3241 3408 3296; x_wconf 89' lang='lat' dir='ltr'><strong>fidem</strong></span> <span class='ocrx_word' id='word_1_617' title='bbox 3451 3239 3548 3293; x_wconf 87' lang='lat' dir='ltr'><strong>ha-</strong></span> 
     </span>
    </p>
   </div>
   <div class='ocr_carea' id='block_1_86' title="bbox 1939 3333 3544 3407">
    <p class='ocr_par' dir='ltr' id='par_1_86' title="bbox 1939 3333 3544 3407">
     <span class='ocr_line' id='line_1_86' title="bbox 1939 3333 3544 3407; baseline -0.003 -17"><span class='ocrx_word' id='word_1_618' title='bbox 1939 3335 2136 3402; x_wconf 90' lang='lat' dir='ltr'><strong>beant,</strong></span> <span class='ocrx_word' id='word_1_619' title='bbox 2165 3337 2360 3407; x_wconf 88' lang='lat' dir='ltr'><strong>putetis</strong></span> <span class='ocrx_word' id='word_1_620' title='bbox 2396 3337 2571 3406; x_wconf 90' lang='lat' dir='ltr'><strong>ipsum</strong></span> <span class='ocrx_word' id='word_1_621' title='bbox 2611 3353 2718 3391; x_wconf 92' lang='lat' dir='ltr'><strong>non</strong></span> <span class='ocrx_word' id='word_1_622' title='bbox 2745 3351 2868 3393; x_wconf 90' lang='lat' dir='ltr'><strong>esse</strong></span> <span class='ocrx_word' id='word_1_623' title='bbox 2899 3345 3014 3392; x_wconf 82' lang='lat' dir='ltr'><strong>rem</strong></span> <span class='ocrx_word' id='word_1_624' title='bbox 3043 3336 3287 3391; x_wconf 88' lang='lat' dir='ltr'><strong>vetitam.</strong></span> <span class='ocrx_word' id='word_1_625' title='bbox 3330 3333 3544 3388; x_wconf 89' lang='lat' dir='ltr'><strong>Etenim</strong></span> 
     </span>
    </p>
   </div>
   <div class='ocr_carea' id='block_1_87' title="bbox 1939 3426 3546 3503">
    <p class='ocr_par' dir='ltr' id='par_1_87' title="bbox 1939 3426 3546 3503">
     <span class='ocr_line' id='line_1_87' title="bbox 1939 3426 3546 3503; baseline -0.004 -18"><span class='ocrx_word' id='word_1_626' title='bbox 1939 3439 1994 3485; x_wconf 94' lang='lat' dir='ltr'><strong>et</strong></span> <span class='ocrx_word' id='word_1_627' title='bbox 2044 3430 2222 3486; x_wconf 70' lang='lat' dir='ltr'><strong>cmdes</strong></span> <span class='ocrx_word' id='word_1_628' title='bbox 2261 3445 2478 3502; x_wconf 90' lang='lat' dir='ltr'><strong>quoque</strong></span> <span class='ocrx_word' id='word_1_629' title='bbox 2518 3438 2797 3503; x_wconf 87' lang='lat' dir='ltr'><strong>patratur,</strong></span> <span class='ocrx_word' id='word_1_630' title='bbox 2854 3430 2956 3485; x_wconf 90' lang='lat' dir='ltr'><strong>etsi</strong></span> <span class='ocrx_word' id='word_1_631' title='bbox 2997 3429 3206 3499; x_wconf 78' lang='lat' dir='ltr'><strong>legibus</strong></span> <span class='ocrx_word' id='word_1_632' title='bbox 3245 3426 3546 3497; x_wconf 85' lang='lat' dir='ltr'><strong>prohibita;</strong></span> 
     </span>
    </p>
   </div>
   <div class='ocr_carea' id='block_1_88' title="bbox 1939 3520 3547 3594">
    <p class='ocr_par' dir='ltr' id='par_1_88' title="bbox 1939 3520 3547 3594">
     <span class='ocr_line' id='line_1_88' title="bbox 1939 3520 3547 3594; baseline -0.003 -18"><span class='ocrx_word' id='word_1_633' title='bbox 1939 3522 2202 3579; x_wconf 89' lang='lat' dir='ltr'><strong>adulteria</strong></span> <span class='ocrx_word' id='word_1_634' title='bbox 2235 3523 2359 3578; x_wconf 92' lang='lat' dir='ltr'><strong>item</strong></span> <span class='ocrx_word' id='word_1_635' title='bbox 2391 3531 2446 3576; x_wconf 90' lang='lat' dir='ltr'><strong>et</strong></span> <span class='ocrx_word' id='word_1_636' title='bbox 2471 3524 2673 3594; x_wconf 76' lang='lat' dir='ltr'><strong>rapina:</strong></span> <span class='ocrx_word' id='word_1_637' title='bbox 2695 3521 3051 3577; x_wconf 89' lang='lat' dir='ltr'><strong>admittuntur</strong></span> <span class='ocrx_word' id='word_1_638' title='bbox 3070 3536 3100 3576; x_wconf 93' lang='lat' dir='ltr'><strong>a</strong></span> <span class='ocrx_word' id='word_1_639' title='bbox 3127 3520 3332 3586; x_wconf 90' lang='lat' dir='ltr'><strong>multis,</strong></span> <span class='ocrx_word' id='word_1_640' title='bbox 3359 3533 3547 3590; x_wconf 83' lang='lat' dir='ltr'><strong>quam-</strong></span> 
     </span>
    </p>
   </div>
   <div class='ocr_carea' id='block_1_89' title="bbox 1940 3610 3549 3685">
    <p class='ocr_par' dir='ltr' id='par_1_89' title="bbox 1940 3610 3549 3685">
     <span class='ocr_line' id='line_1_89' title="bbox 1940 3610 3549 3685; baseline -0.003 -17"><span class='ocrx_word' id='word_1_641' title='bbox 1940 3615 2023 3671; x_wconf 89' lang='lat' dir='ltr'><strong>vis</strong></span> <span class='ocrx_word' id='word_1_642' title='bbox 2043 3617 2229 3670; x_wconf 89' lang='lat' dir='ltr'><strong>vetita.</strong></span> <span class='ocrx_word' id='word_1_643' title='bbox 2271 3615 2424 3682; x_wconf 87' lang='lat' dir='ltr'><strong>Quod</strong></span> <span class='ocrx_word' id='word_1_644' title='bbox 2452 3615 2594 3670; x_wconf 90' lang='lat' dir='ltr'><strong>enim</strong></span> <span class='ocrx_word' id='word_1_645' title='bbox 2636 3614 2862 3685; x_wconf 90' lang='lat' dir='ltr'><strong>perinde</strong></span> <span class='ocrx_word' id='word_1_646' title='bbox 2889 3624 3053 3684; x_wconf 88' lang='lat' dir='ltr'><strong>atque</strong></span> <span class='ocrx_word' id='word_1_647' title='bbox 3079 3612 3256 3668; x_wconf 67' lang='lat' dir='ltr'><strong>caules</strong></span> <span class='ocrx_word' id='word_1_648' title='bbox 3277 3654 3290 3677; x_wconf 89' lang='lat'><strong>,</strong></span> <span class='ocrx_word' id='word_1_649' title='bbox 3329 3610 3549 3682; x_wconf 84' lang='lat' dir='ltr'><strong>genesis</strong></span> 
     </span>
    </p>
   </div>
   <div class='ocr_carea' id='block_1_90' title="bbox 1941 3701 3550 3777">
    <p class='ocr_par' dir='ltr' id='par_1_90' title="bbox 1941 3701 3550 3777">
     <span class='ocr_line' id='line_1_90' title="bbox 1941 3701 3550 3777; baseline -0.002 -18"><span class='ocrx_word' id='word_1_650' title='bbox 1941 3721 2154 3776; x_wconf 89' lang='lat' dir='ltr'><strong>quoque</strong></span> <span class='ocrx_word' id='word_1_651' title='bbox 2181 3707 2390 3777; x_wconf 81' lang='lat' dir='ltr'><strong>legibus</strong></span> <span class='ocrx_word' id='word_1_652' title='bbox 2408 3706 2718 3763; x_wconf 66' lang='lat' dir='ltr'><strong>Graecorum</strong></span> <span class='ocrx_word' id='word_1_653' title='bbox 2743 3707 2812 3760; x_wconf 87' lang='lat' dir='ltr'><strong>sit</strong></span> <span class='ocrx_word' id='word_1_654' title='bbox 2837 3705 3026 3772; x_wconf 88' lang='lat' dir='ltr'><strong>vetita,</strong></span> <span class='ocrx_word' id='word_1_655' title='bbox 3047 3705 3174 3758; x_wconf 88' lang='lat' dir='ltr'><strong>hinc</strong></span> <span class='ocrx_word' id='word_1_656' title='bbox 3202 3704 3388 3773; x_wconf 89' lang='lat' dir='ltr'><strong>liquet,</strong></span> <span class='ocrx_word' id='word_1_657' title='bbox 3409 3701 3550 3772; x_wconf 85' lang='lat' dir='ltr'><strong>quod</strong></span> 
     </span>
    </p>
   </div>
   <div class='ocr_carea' id='block_1_91' title="bbox 1943 3793 3549 3869">
    <p class='ocr_par' dir='ltr' id='par_1_91' title="bbox 1943 3793 3549 3869">
     <span class='ocr_line' id='line_1_91' title="bbox 1943 3793 3549 3869; baseline -0.003 -17"><span class='ocrx_word' id='word_1_658' title='bbox 1943 3798 1987 3852; x_wconf 88' lang='lat' dir='ltr'><strong>si</strong></span> <span class='ocrx_word' id='word_1_659' title='bbox 2017 3799 2138 3869; x_wconf 90' lang='lat' dir='ltr'><strong>quis</strong></span> <span class='ocrx_word' id='word_1_660' title='bbox 2177 3799 2440 3854; x_wconf 86' lang='lat' dir='ltr'><strong>adulterio</strong></span> <span class='ocrx_word' id='word_1_661' title='bbox 2475 3813 2597 3852; x_wconf 92' lang='lat' dir='ltr'><strong>cum</strong></span> <span class='ocrx_word' id='word_1_662' title='bbox 2627 3812 2796 3852; x_wconf 76' lang='lat' dir='ltr'><strong>uxore</strong></span> <span class='ocrx_word' id='word_1_663' title='bbox 2835 3797 3138 3866; x_wconf 88' lang='lat' dir='ltr'><strong>cujuspiam</strong></span> <span class='ocrx_word' id='word_1_664' title='bbox 3169 3795 3409 3850; x_wconf 88' lang='lat' dir='ltr'><strong>admisso</strong></span> <span class='ocrx_word' id='word_1_665' title='bbox 3433 3835 3448 3860; x_wconf 90' lang='lat'><strong>,</strong></span> <span class='ocrx_word' id='word_1_666' title='bbox 3497 3793 3549 3847; x_wconf 92' lang='lat' dir='ltr'><strong>in</strong></span> 
     </span>
    </p>
   </div>
   <div class='ocr_carea' id='block_1_92' title="bbox 1945 3887 3548 3961">
    <p class='ocr_par' dir='ltr' id='par_1_92' title="bbox 1945 3887 3548 3961">
     <span class='ocr_line' id='line_1_92' title="bbox 1945 3887 3548 3961; baseline -0.004 -16"><span class='ocrx_word' id='word_1_667' title='bbox 1945 3890 2063 3946; x_wconf 84' lang='lat' dir='ltr'><strong>foro</strong></span> <span class='ocrx_word' id='word_1_668' title='bbox 2088 3890 2327 3961; x_wconf 86' lang='lat' dir='ltr'><strong>judiciali</strong></span> <span class='ocrx_word' id='word_1_669' title='bbox 2349 3898 2631 3945; x_wconf 87' lang='lat' dir='ltr'><strong>accusatus</strong></span> <span class='ocrx_word' id='word_1_670' title='bbox 2663 3889 2859 3945; x_wconf 82' lang='lat' dir='ltr'><strong>dixerit</strong></span> <span class='ocrx_word' id='word_1_671' title='bbox 2891 3907 2904 3942; x_wconf 88' lang='lat'><strong>:</strong></span> <span class='ocrx_word' id='word_1_672' title='bbox 2939 3888 3057 3943; x_wconf 89' lang='lat' dir='ltr'><strong>Non</strong></span> <span class='ocrx_word' id='word_1_673' title='bbox 3085 3903 3217 3958; x_wconf 84' lang='lat' dir='ltr'><strong>ego,</strong></span> <span class='ocrx_word' id='word_1_674' title='bbox 3250 3887 3345 3942; x_wconf 87' lang='lat' dir='ltr'><strong>sed</strong></span> <span class='ocrx_word' id='word_1_675' title='bbox 3375 3901 3548 3956; x_wconf 79' lang='lat' dir='ltr'><strong>gene-</strong></span> 
     </span>
    </p>
   </div>
   <div class='ocr_carea' id='block_1_93' title="bbox 1947 3980 3556 4056">
    <p class='ocr_par' dir='ltr' id='par_1_93' title="bbox 1947 3980 3556 4056">
     <span class='ocr_line' id='line_1_93' title="bbox 1947 3980 3556 4056; baseline -0.003 -17"><span class='ocrx_word' id='word_1_676' title='bbox 1947 3985 2021 4039; x_wconf 86' lang='lat' dir='ltr'><strong>sis</strong></span> <span class='ocrx_word' id='word_1_677' title='bbox 2055 4003 2067 4039; x_wconf 93' lang='lat'><strong>:</strong></span> <span class='ocrx_word' id='word_1_678' title='bbox 2093 3999 2194 4055; x_wconf 88' lang='lat' dir='ltr'><strong>ego</strong></span> <span class='ocrx_word' id='word_1_679' title='bbox 2221 3985 2419 4056; x_wconf 89' lang='lat' dir='ltr'><strong>quippe</strong></span> <span class='ocrx_word' id='word_1_680' title='bbox 2453 3992 2820 4054; x_wconf 87' lang='lat' dir='ltr'><strong>temperanter</strong></span> <span class='ocrx_word' id='word_1_681' title='bbox 2842 3999 3006 4053; x_wconf 89' lang='lat' dir='ltr'><strong>agere</strong></span> <span class='ocrx_word' id='word_1_682' title='bbox 3043 3983 3312 4046; x_wconf 83' lang='lat' dir='ltr'><strong>volebam,</strong></span> <span class='ocrx_word' id='word_1_683' title='bbox 3340 3981 3435 4042; x_wconf 85' lang='lat' dir='ltr'><strong>sed</strong></span> <span class='ocrx_word' id='word_1_684' title='bbox 3467 3980 3556 4034; x_wconf 85' lang='lat' dir='ltr'><strong>illa</strong></span> 
     </span>
    </p>
   </div>
   <div class='ocr_carea' id='block_1_94' title="bbox 1949 4073 3561 4147">
    <p class='ocr_par' dir='ltr' id='par_1_94' title="bbox 1949 4073 3561 4147">
     <span class='ocr_line' id='line_1_94' title="bbox 1949 4073 3561 4147; baseline -0.003 -17"><span class='ocrx_word' id='word_1_685' title='bbox 1949 4091 2037 4130; x_wconf 93' lang='lat' dir='ltr'><strong>me</strong></span> <span class='ocrx_word' id='word_1_686' title='bbox 2078 4076 2285 4146; x_wconf 87' lang='lat' dir='ltr'><strong>impulit</strong></span> <span class='ocrx_word' id='word_1_687' title='bbox 2319 4094 2332 4130; x_wconf 90' lang='lat'><strong>:</strong></span> <span class='ocrx_word' id='word_1_688' title='bbox 2363 4092 2540 4130; x_wconf 89' lang='lat' dir='ltr'><strong>annon</strong></span> <span class='ocrx_word' id='word_1_689' title='bbox 2587 4075 2711 4130; x_wconf 91' lang='lat' dir='ltr'><strong>ideo</strong></span> <span class='ocrx_word' id='word_1_690' title='bbox 2750 4075 3025 4147; x_wconf 86' lang='lat' dir='ltr'><strong>graviores</strong></span> <span class='ocrx_word' id='word_1_691' title='bbox 3053 4073 3203 4129; x_wconf 87' lang='lat' dir='ltr'><strong>dabit</strong></span> <span class='ocrx_word' id='word_1_692' title='bbox 3241 4087 3467 4145; x_wconf 71' lang='lat' dir='ltr'><strong>poenas,</strong></span> <span class='ocrx_word' id='word_1_693' title='bbox 3501 4081 3561 4125; x_wconf 91' lang='lat' dir='ltr'><strong>ut</strong></span> 
     </span>
    </p>
   </div>
   <div class='ocr_carea' id='block_1_95' title="bbox 1949 4163 3558 4237">
    <p class='ocr_par' dir='ltr' id='par_1_95' title="bbox 1949 4163 3558 4237">
     <span class='ocr_line' id='line_1_95' title="bbox 1949 4163 3558 4237; baseline -0.003 -17"><span class='ocrx_word' id='word_1_694' title='bbox 1949 4167 2042 4237; x_wconf 90' lang='lat' dir='ltr'><strong>qui</strong></span> <span class='ocrx_word' id='word_1_695' title='bbox 2069 4165 2136 4222; x_wconf 89' lang='lat' dir='ltr'><strong>ad</strong></span> <span class='ocrx_word' id='word_1_696' title='bbox 2168 4167 2448 4222; x_wconf 86' lang='lat' dir='ltr'><strong>ridiculam</strong></span> <span class='ocrx_word' id='word_1_697' title='bbox 2478 4165 2850 4221; x_wconf 79' lang='lat' dir='ltr'><strong>defensionem</strong></span> <span class='ocrx_word' id='word_1_698' title='bbox 2879 4164 3212 4235; x_wconf 80' lang='lat' dir='ltr'><strong>confugerit?</strong></span> <span class='ocrx_word' id='word_1_699' title='bbox 3253 4179 3321 4217; x_wconf 89' lang='lat' dir='ltr'><strong>an</strong></span> <span class='ocrx_word' id='word_1_700' title='bbox 3347 4163 3558 4217; x_wconf 88' lang='lat' dir='ltr'><strong>veniam</strong></span> 
     </span>
    </p>
   </div>
   <div class='ocr_carea' id='block_1_96' title="bbox 1952 4247 3563 4352">
    <p class='ocr_par' dir='ltr' id='par_1_96' title="bbox 1952 4247 3563 4352">
     <span class='ocr_line' id='line_1_96' title="bbox 1952 4247 3563 4352; baseline -0.005 -39"><span class='ocrx_word' id='word_1_701' title='bbox 1952 4247 2658 4352; x_wconf 63' lang='lat' dir='ltr'><strong>impetrabit?Neutiquam.</strong></span> <span class='ocrx_word' id='word_1_702' title='bbox 2687 4259 2755 4312; x_wconf 85' lang='lat' dir='ltr'><strong>At</strong></span> <span class='ocrx_word' id='word_1_703' title='bbox 2777 4256 3075 4313; x_wconf 89' lang='lat' dir='ltr'><strong>secundum</strong></span> <span class='ocrx_word' id='word_1_704' title='bbox 3105 4255 3563 4324; x_wconf 78' lang='lat' dir='ltr'><strong>illosimpetrasso</strong></span> 
     </span>
    </p>
   </div>
   <div class='ocr_carea' id='block_1_97' title="bbox 1952 4346 3564 4422">
    <p class='ocr_par' dir='ltr' id='par_1_97' title="bbox 1952 4346 3564 4422">
     <span class='ocr_line' id='line_1_97' title="bbox 1952 4346 3564 4422; baseline -0.005 -16"><span class='ocrx_word' id='word_1_705' title='bbox 1952 4354 2209 4422; x_wconf 85' lang='lat' dir='ltr'><strong>Oportuit.</strong></span> <span class='ocrx_word' id='word_1_706' title='bbox 2263 4352 2322 4407; x_wconf 88' lang='lat' dir='ltr'><strong>Si</strong></span> <span class='ocrx_word' id='word_1_707' title='bbox 2363 4346 2506 4407; x_wconf 78' lang='lat' dir='ltr'><strong>enim</strong></span> <span class='ocrx_word' id='word_1_708' title='bbox 2538 4353 2764 4422; x_wconf 85' lang='lat' dir='ltr'><strong>genesi,</strong></span> <span class='ocrx_word' id='word_1_709' title='bbox 2795 4367 2903 4405; x_wconf 89' lang='lat' dir='ltr'><strong>non</strong></span> <span class='ocrx_word' id='word_1_710' title='bbox 2931 4350 3158 4405; x_wconf 87' lang='lat' dir='ltr'><strong>arbitrio</strong></span> <span class='ocrx_word' id='word_1_711' title='bbox 3206 4357 3392 4403; x_wconf 89' lang='lat' dir='ltr'><strong>nostro</strong></span> <span class='ocrx_word' id='word_1_712' title='bbox 3444 4346 3564 4399; x_wconf 65' lang='lat' dir='ltr'><strong>haec</strong></span> 
     </span>
    </p>
   </div>
   <div class='ocr_carea' id='block_1_98' title="bbox 1955 4438 3563 4513">
    <p class='ocr_par' dir='ltr' id='par_1_98' title="bbox 1955 4438 3563 4513">
     <span class='ocr_line' id='line_1_98' title="bbox 1955 4438 3563 4513; baseline -0.004 -16"><span class='ocrx_word' id='word_1_713' title='bbox 1955 4444 2175 4509; x_wconf 87' lang='lat' dir='ltr'><strong>ﬁerent,</strong></span> <span class='ocrx_word' id='word_1_714' title='bbox 2204 4444 2347 4498; x_wconf 87' lang='lat' dir='ltr'><strong>nulla</strong></span> <span class='ocrx_word' id='word_1_715' title='bbox 2377 4444 2551 4513; x_wconf 88' lang='lat' dir='ltr'><strong>aptior</strong></span> <span class='ocrx_word' id='word_1_716' title='bbox 2577 4443 2822 4498; x_wconf 88' lang='lat' dir='ltr'><strong>defensio</strong></span> <span class='ocrx_word' id='word_1_717' title='bbox 2852 4449 3022 4497; x_wconf 86' lang='lat' dir='ltr'><strong>esset.</strong></span> <span class='ocrx_word' id='word_1_718' title='bbox 3066 4440 3198 4496; x_wconf 82' lang='lat' dir='ltr'><strong>Nam</strong></span> <span class='ocrx_word' id='word_1_719' title='bbox 3233 4440 3276 4493; x_wconf 90' lang='lat' dir='ltr'><strong>si</strong></span> <span class='ocrx_word' id='word_1_720' title='bbox 3310 4438 3563 4493; x_wconf 88' lang='lat' dir='ltr'><strong>voluntas</strong></span> 
     </span>
    </p>
   </div>
   <div class='ocr_carea' id='block_1_99' title="bbox 1955 4532 3563 4606">
    <p class='ocr_par' dir='ltr' id='par_1_99' title="bbox 1955 4532 3563 4606">
     <span class='ocr_line' id='line_1_99' title="bbox 1955 4532 3563 4606; baseline -0.005 -15"><span class='ocrx_word' id='word_1_721' title='bbox 1955 4546 2139 4591; x_wconf 90' lang='lat' dir='ltr'><strong>nostra</strong></span> <span class='ocrx_word' id='word_1_722' title='bbox 2167 4536 2437 4606; x_wconf 88' lang='lat' dir='ltr'><strong>potentior</strong></span> <span class='ocrx_word' id='word_1_723' title='bbox 2454 4537 2520 4589; x_wconf 91' lang='lat' dir='ltr'><strong>sit</strong></span> <span class='ocrx_word' id='word_1_724' title='bbox 2545 4535 2751 4605; x_wconf 88' lang='lat' dir='ltr'><strong>genesi,</strong></span> <span class='ocrx_word' id='word_1_725' title='bbox 2778 4535 2918 4588; x_wconf 88' lang='lat' dir='ltr'><strong>nulla</strong></span> <span class='ocrx_word' id='word_1_726' title='bbox 2943 4535 3156 4605; x_wconf 90' lang='lat' dir='ltr'><strong>genesis</strong></span> <span class='ocrx_word' id='word_1_727' title='bbox 3177 4533 3312 4588; x_wconf 88' lang='lat' dir='ltr'><strong>erit:</strong></span> <span class='ocrx_word' id='word_1_728' title='bbox 3337 4532 3382 4586; x_wconf 90' lang='lat' dir='ltr'><strong>si</strong></span> <span class='ocrx_word' id='word_1_729' title='bbox 3411 4545 3563 4595; x_wconf 86' lang='lat' dir='ltr'><strong>vero,</strong></span> 
     </span>
    </p>
   </div>
   <div class='ocr_carea' id='block_1_100' title="bbox 1954 4623 3568 4699">
    <p class='ocr_par' dir='ltr' id='par_1_100' title="bbox 1954 4623 3568 4699">
     <span class='ocr_line' id='line_1_100' title="bbox 1954 4623 3568 4699; baseline -0.002 -19"><span class='ocrx_word' id='word_1_730' title='bbox 1954 4630 2292 4699; x_wconf 88' lang='lat' dir='ltr'><strong>quantumvis</strong></span> <span class='ocrx_word' id='word_1_731' title='bbox 2348 4637 2572 4682; x_wconf 86' lang='lat' dir='ltr'><strong>conetur</strong></span> <span class='ocrx_word' id='word_1_732' title='bbox 2622 4627 2922 4695; x_wconf 84' lang='lat' dir='ltr'><strong>quispiam,</strong></span> <span class='ocrx_word' id='word_1_733' title='bbox 2974 4640 3202 4680; x_wconf 88' lang='lat' dir='ltr'><strong>necesse</strong></span> <span class='ocrx_word' id='word_1_734' title='bbox 3258 4623 3327 4678; x_wconf 89' lang='lat' dir='ltr'><strong>sit</strong></span> <span class='ocrx_word' id='word_1_735' title='bbox 3357 4638 3419 4677; x_wconf 87' lang='lat' dir='ltr'><strong>ea</strong></span> <span class='ocrx_word' id='word_1_736' title='bbox 3446 4637 3568 4692; x_wconf 75' lang='lat' dir='ltr'><strong>qua:</strong></span> 
     </span>
    </p>
   </div>
   <div class='ocr_carea' id='block_1_101' title="bbox 1956 4714 3570 4790">
    <p class='ocr_par' dir='ltr' id='par_1_101' title="bbox 1956 4714 3570 4790">
     <span class='ocr_line' id='line_1_101' title="bbox 1956 4714 3570 4790; baseline -0.004 -16"><span class='ocrx_word' id='word_1_737' title='bbox 1956 4719 2142 4790; x_wconf 87' lang='lat' dir='ltr'><strong>genesi</strong></span> <span class='ocrx_word' id='word_1_738' title='bbox 2168 4727 2292 4773; x_wconf 86' lang='lat' dir='ltr'><strong>sunt</strong></span> <span class='ocrx_word' id='word_1_739' title='bbox 2316 4718 2576 4788; x_wconf 66' lang='lat' dir='ltr'><strong>praeﬁnita</strong></span> <span class='ocrx_word' id='word_1_740' title='bbox 2621 4718 2860 4788; x_wconf 85' lang='lat' dir='ltr'><strong>impleri;</strong></span> <span class='ocrx_word' id='word_1_741' title='bbox 2893 4717 3091 4772; x_wconf 83' lang='lat' dir='ltr'><strong>frustra</strong></span> <span class='ocrx_word' id='word_1_742' title='bbox 3126 4717 3342 4788; x_wconf 89' lang='lat' dir='ltr'><strong>punitur</strong></span> <span class='ocrx_word' id='word_1_743' title='bbox 3364 4714 3477 4779; x_wconf 86' lang='lat' dir='ltr'><strong>ille,</strong></span> <span class='ocrx_word' id='word_1_744' title='bbox 3513 4724 3570 4769; x_wconf 90' lang='lat' dir='ltr'><strong>et</strong></span> 
     </span>
    </p>
   </div>
   <div class='ocr_carea' id='block_1_102' title="bbox 1961 4812 3570 4883">
    <p class='ocr_par' dir='ltr' id='par_1_102' title="bbox 1961 4812 3570 4883">
     <span class='ocr_line' id='line_1_102' title="bbox 1961 4812 3570 4883; baseline -0.003 -17"><span class='ocrx_word' id='word_1_745' title='bbox 1961 4813 2115 4867; x_wconf 90' lang='lat' dir='ltr'><strong>venia</strong></span> <span class='ocrx_word' id='word_1_746' title='bbox 2142 4814 2190 4867; x_wconf 89' lang='lat' dir='ltr'><strong>ei</strong></span> <span class='ocrx_word' id='word_1_747' title='bbox 2222 4823 2486 4883; x_wconf 83' lang='lat' dir='ltr'><strong>negatur;</strong></span> <span class='ocrx_word' id='word_1_748' title='bbox 2519 4812 2614 4868; x_wconf 89' lang='lat' dir='ltr'><strong>sed</strong></span> <span class='ocrx_word' id='word_1_749' title='bbox 2655 4827 2815 4866; x_wconf 92' lang='lat' dir='ltr'><strong>nemo</strong></span> <span class='ocrx_word' id='word_1_750' title='bbox 2851 4813 3003 4866; x_wconf 91' lang='lat' dir='ltr'><strong>illum</strong></span> <span class='ocrx_word' id='word_1_751' title='bbox 3047 4826 3220 4881; x_wconf 89' lang='lat' dir='ltr'><strong>neque</strong></span> <span class='ocrx_word' id='word_1_752' title='bbox 3251 4825 3311 4864; x_wconf 89' lang='lat' dir='ltr'><strong>se</strong></span> <span class='ocrx_word' id='word_1_753' title='bbox 3338 4825 3570 4879; x_wconf 85' lang='lat' dir='ltr'><strong>purgan-</strong></span> 
     </span>
    </p>
   </div>
   <div class='ocr_carea' id='block_1_103' title="bbox 1963 4901 3572 4982">
    <p class='ocr_par' dir='ltr' id='par_1_103' title="bbox 1963 4901 3572 4982">
     <span class='ocr_line' id='line_1_103' title="bbox 1963 4901 3572 4982; baseline -0.003 -23"><span class='ocrx_word' id='word_1_754' title='bbox 1963 4913 2069 4961; x_wconf 90' lang='lat' dir='ltr'><strong>tem</strong></span> <span class='ocrx_word' id='word_1_755' title='bbox 2099 4920 2274 4976; x_wconf 90' lang='lat' dir='ltr'><strong>ueque</strong></span> <span class='ocrx_word' id='word_1_756' title='bbox 2322 4905 2537 4982; x_wconf 88' lang='lat' dir='ltr'><strong>veniam</strong></span> <span class='ocrx_word' id='word_1_757' title='bbox 2588 4906 2963 4972; x_wconf 86' lang='lat' dir='ltr'><strong>impetrantem</strong></span> <span class='ocrx_word' id='word_1_758' title='bbox 3009 4903 3192 4958; x_wconf 86' lang='lat' dir='ltr'><strong>audiet</strong></span> <span class='ocrx_word' id='word_1_759' title='bbox 3235 4921 3249 4958; x_wconf 91' lang='lat'><strong>:</strong></span> <span class='ocrx_word' id='word_1_760' title='bbox 3283 4905 3352 4957; x_wconf 86' lang='lat' dir='ltr'><strong>ita</strong></span> <span class='ocrx_word' id='word_1_761' title='bbox 3389 4917 3476 4956; x_wconf 90' lang='lat' dir='ltr'><strong>res</strong></span> <span class='ocrx_word' id='word_1_762' title='bbox 3504 4901 3572 4954; x_wconf 90' lang='lat' dir='ltr'><strong>ab</strong></span> 
     </span>
    </p>
   </div>
   <div class='ocr_carea' id='block_1_104' title="bbox 1962 4995 3573 5066">
    <p class='ocr_par' dir='ltr' id='par_1_104' title="bbox 1962 4995 3573 5066">
     <span class='ocr_line' id='line_1_104' title="bbox 1962 4995 3573 5066; baseline -0.004 -12"><span class='ocrx_word' id='word_1_763' title='bbox 1962 4998 2211 5054; x_wconf 87' lang='lat' dir='ltr'><strong>omnibus</strong></span> <span class='ocrx_word' id='word_1_764' title='bbox 2254 4999 2477 5066; x_wconf 75' lang='lat' dir='ltr'><strong>explosa</strong></span> <span class='ocrx_word' id='word_1_765' title='bbox 2522 5007 2642 5064; x_wconf 91' lang='lat' dir='ltr'><strong>est,</strong></span> <span class='ocrx_word' id='word_1_766' title='bbox 2696 4997 2996 5066; x_wconf 70' lang='lat' dir='ltr'><strong>fabulseque</strong></span> <span class='ocrx_word' id='word_1_767' title='bbox 3041 5011 3105 5051; x_wconf 92' lang='lat' dir='ltr'><strong>ac</strong></span> <span class='ocrx_word' id='word_1_768' title='bbox 3145 5010 3405 5066; x_wconf 86' lang='lat' dir='ltr'><strong>nugarum</strong></span> <span class='ocrx_word' id='word_1_769' title='bbox 3454 4995 3573 5049; x_wconf 89' lang='lat' dir='ltr'><strong>loco</strong></span> 
     </span>
    </p>
   </div>
   <div class='ocr_carea' id='block_1_105' title="bbox 1965 5085 3573 5159">
    <p class='ocr_par' dir='ltr' id='par_1_105' title="bbox 1965 5085 3573 5159">
     <span class='ocr_line' id='line_1_105' title="bbox 1965 5085 3573 5159; baseline -0.002 -15"><span class='ocrx_word' id='word_1_770' title='bbox 1965 5091 2215 5144; x_wconf 90' lang='lat' dir='ltr'><strong>habetur.</strong></span> <span class='ocrx_word' id='word_1_771' title='bbox 2255 5090 2401 5144; x_wconf 84' lang='lat' dir='ltr'><strong>Multi</strong></span> <span class='ocrx_word' id='word_1_772' title='bbox 2446 5105 2573 5145; x_wconf 90' lang='lat' dir='ltr'><strong>vero</strong></span> <span class='ocrx_word' id='word_1_773' title='bbox 2600 5090 2948 5159; x_wconf 84' lang='lat' dir='ltr'><strong>magistratus</strong></span> <span class='ocrx_word' id='word_1_774' title='bbox 2981 5088 3224 5158; x_wconf 89' lang='lat' dir='ltr'><strong>(tametsi</strong></span> <span class='ocrx_word' id='word_1_775' title='bbox 3255 5089 3322 5143; x_wconf 88' lang='lat' dir='ltr'><strong>ab</strong></span> <span class='ocrx_word' id='word_1_776' title='bbox 3353 5085 3573 5140; x_wconf 88' lang='lat' dir='ltr'><strong>homine</strong></span> 
     </span>
    </p>
   </div>
   <div class='ocr_carea' id='block_1_106' title="bbox 1965 5178 3573 5253">
    <p class='ocr_par' dir='ltr' id='par_1_106' title="bbox 1965 5178 3573 5253">
     <span class='ocr_line' id='line_1_106' title="bbox 1965 5178 3573 5253; baseline -0.002 -18"><span class='ocrx_word' id='word_1_777' title='bbox 1965 5184 2214 5253; x_wconf 83' lang='lat' dir='ltr'><strong>quopiam</strong></span> <span class='ocrx_word' id='word_1_778' title='bbox 2238 5183 2281 5235; x_wconf 91' lang='lat' dir='ltr'><strong>si</strong></span> <span class='ocrx_word' id='word_1_779' title='bbox 2313 5183 2392 5236; x_wconf 82' lang='lat' dir='ltr'><strong>vis</strong></span> <span class='ocrx_word' id='word_1_780' title='bbox 2419 5182 2710 5248; x_wconf 78' lang='lat' dir='ltr'><strong>inferatur,</strong></span> <span class='ocrx_word' id='word_1_781' title='bbox 2751 5181 2802 5235; x_wconf 91' lang='lat' dir='ltr'><strong>id</strong></span> <span class='ocrx_word' id='word_1_782' title='bbox 2844 5196 2946 5235; x_wconf 79' lang='lat' dir='ltr'><strong>reo</strong></span> <span class='ocrx_word' id='word_1_783' title='bbox 2970 5179 3036 5234; x_wconf 86' lang='lat' dir='ltr'><strong>ad</strong></span> <span class='ocrx_word' id='word_1_784' title='bbox 3067 5180 3432 5234; x_wconf 84' lang='lat' dir='ltr'><strong>defensionem</strong></span> <span class='ocrx_word' id='word_1_785' title='bbox 3458 5178 3573 5232; x_wconf 76' lang='lat' dir='ltr'><strong>su!&quot;-</strong></span> 
     </span>
    </p>
   </div>
   <div class='ocr_carea' id='block_1_107' title="bbox 1969 5272 3572 5346">
    <p class='ocr_par' dir='ltr' id='par_1_107' title="bbox 1969 5272 3572 5346">
     <span class='ocr_line' id='line_1_107' title="bbox 1969 5272 3572 5346; baseline -0.004 -16"><span class='ocrx_word' id='word_1_786' title='bbox 1969 5277 2130 5340; x_wconf 86' lang='lat' dir='ltr'><strong>liciat,</strong></span> <span class='ocrx_word' id='word_1_787' title='bbox 2165 5278 2274 5331; x_wconf 91' lang='lat' dir='ltr'><strong>imo</strong></span> <span class='ocrx_word' id='word_1_788' title='bbox 2303 5277 2481 5346; x_wconf 87' lang='lat' dir='ltr'><strong>potius</strong></span> <span class='ocrx_word' id='word_1_789' title='bbox 2508 5275 2711 5330; x_wconf 89' lang='lat' dir='ltr'><strong>nullum</strong></span> <span class='ocrx_word' id='word_1_790' title='bbox 2736 5291 2857 5330; x_wconf 88' lang='lat' dir='ltr'><strong>esse</strong></span> <span class='ocrx_word' id='word_1_791' title='bbox 2873 5275 3076 5330; x_wconf 88' lang='lat' dir='ltr'><strong>crimen</strong></span> <span class='ocrx_word' id='word_1_792' title='bbox 3103 5275 3241 5329; x_wconf 86' lang='lat' dir='ltr'><strong>ultra</strong></span> <span class='ocrx_word' id='word_1_793' title='bbox 3272 5272 3572 5338; x_wconf 82' lang='lat' dir='ltr'><strong>videatur),</strong></span> 
     </span>
    </p>
   </div>
   <div class='ocr_carea' id='block_1_108' title="bbox 1970 5364 3575 5440">
    <p class='ocr_par' dir='ltr' id='par_1_108' title="bbox 1970 5364 3575 5440">
     <span class='ocr_line' id='line_1_108' title="bbox 1970 5364 3575 5440; baseline -0.006 -16"><span class='ocrx_word' id='word_1_794' title='bbox 1970 5371 2141 5436; x_wconf 86' lang='lat' dir='ltr'><strong>multi,</strong></span> <span class='ocrx_word' id='word_1_795' title='bbox 2173 5371 2410 5440; x_wconf 88' lang='lat' dir='ltr'><strong>inquam,</strong></span> <span class='ocrx_word' id='word_1_796' title='bbox 2436 5371 2776 5439; x_wconf 79' lang='lat' dir='ltr'><strong>magistratus</strong></span> <span class='ocrx_word' id='word_1_797' title='bbox 2801 5369 2868 5423; x_wconf 88' lang='lat' dir='ltr'><strong>de</strong></span> <span class='ocrx_word' id='word_1_798' title='bbox 2897 5369 3094 5438; x_wconf 87' lang='lat' dir='ltr'><strong>injusta</strong></span> <span class='ocrx_word' id='word_1_799' title='bbox 3133 5365 3281 5420; x_wconf 68' lang='lat' dir='ltr'><strong>crede</strong></span> <span class='ocrx_word' id='word_1_800' title='bbox 3318 5364 3575 5424; x_wconf 81' lang='lat' dir='ltr'><strong>accusati,</strong></span> 
     </span>
    </p>
   </div>
   <div class='ocr_carea' id='block_1_109' title="bbox 1970 5458 3575 5533">
    <p class='ocr_par' dir='ltr' id='par_1_109' title="bbox 1970 5458 3575 5533">
     <span class='ocr_line' id='line_1_109' title="bbox 1970 5458 3575 5533; baseline -0.004 -18"><span class='ocrx_word' id='word_1_801' title='bbox 1970 5478 2155 5533; x_wconf 81' lang='lat' dir='ltr'><strong>poenas</strong></span> <span class='ocrx_word' id='word_1_802' title='bbox 2180 5463 2443 5517; x_wconf 85' lang='lat' dir='ltr'><strong>dederunt</strong></span> <span class='ocrx_word' id='word_1_803' title='bbox 2474 5480 2486 5514; x_wconf 90' lang='lat'><strong>:</strong></span> <span class='ocrx_word' id='word_1_804' title='bbox 2517 5461 2799 5516; x_wconf 83' lang='lat' dir='ltr'><strong>carniﬁces</strong></span> <span class='ocrx_word' id='word_1_805' title='bbox 2837 5477 2998 5526; x_wconf 92' lang='lat' dir='ltr'><strong>vero,</strong></span> <span class='ocrx_word' id='word_1_806' title='bbox 3033 5460 3122 5529; x_wconf 88' lang='lat' dir='ltr'><strong>qui</strong></span> <span class='ocrx_word' id='word_1_807' title='bbox 3161 5458 3336 5512; x_wconf 72' lang='lat' dir='ltr'><strong>cardes</strong></span> <span class='ocrx_word' id='word_1_808' title='bbox 3379 5471 3575 5526; x_wconf 84' lang='lat' dir='ltr'><strong>perpe-</strong></span> 
     </span>
    </p>
   </div>
   <div class='ocr_carea' id='block_1_110' title="bbox 1971 5539 3578 5624">
    <p class='ocr_par' dir='ltr' id='par_1_110' title="bbox 1971 5539 3578 5624">
     <span class='ocr_line' id='line_1_110' title="bbox 1971 5539 3578 5624; baseline -0.002 -17"><span class='ocrx_word' id='word_1_809' title='bbox 1971 5539 2153 5618; x_wconf 86' lang='lat' dir='ltr'><strong>trant,</strong></span> <span class='ocrx_word' id='word_1_810' title='bbox 2196 5569 2398 5624; x_wconf 89' lang='lat' dir='ltr'><strong>suaque</strong></span> <span class='ocrx_word' id='word_1_811' title='bbox 2445 5570 2608 5608; x_wconf 89' lang='lat' dir='ltr'><strong>manu</strong></span> <span class='ocrx_word' id='word_1_812' title='bbox 2647 5552 2959 5623; x_wconf 86' lang='lat' dir='ltr'><strong>perﬁciunt,</strong></span> <span class='ocrx_word' id='word_1_813' title='bbox 2999 5552 3066 5606; x_wconf 90' lang='lat' dir='ltr'><strong>ad</strong></span> <span class='ocrx_word' id='word_1_814' title='bbox 3095 5550 3328 5605; x_wconf 89' lang='lat' dir='ltr'><strong>tribunal</strong></span> <span class='ocrx_word' id='word_1_815' title='bbox 3360 5549 3578 5604; x_wconf 83' lang='lat' dir='ltr'><strong>trahere</strong></span> 
     </span>
    </p>
   </div>
   <div class='ocr_carea' id='block_1_111' title="bbox 1974 5646 3577 5720">
    <p class='ocr_par' dir='ltr' id='par_1_111' title="bbox 1974 5646 3577 5720">
     <span class='ocr_line' id='line_1_111' title="bbox 1974 5646 3577 5720; baseline -0.001 -21"><span class='ocrx_word' id='word_1_816' title='bbox 1974 5650 2056 5702; x_wconf 81' lang='lat' dir='ltr'><strong>vel</strong></span> <span class='ocrx_word' id='word_1_817' title='bbox 2095 5649 2534 5718; x_wconf 82' lang='lat' dir='ltr'><strong>pcrquisitioncm</strong></span> <span class='ocrx_word' id='word_1_818' title='bbox 2584 5648 2758 5720; x_wconf 72' lang='lat' dir='ltr'><strong>facere</strong></span> <span class='ocrx_word' id='word_1_819' title='bbox 2791 5663 2947 5703; x_wconf 82' lang='lat' dir='ltr'><strong>nemo</strong></span> <span class='ocrx_word' id='word_1_820' title='bbox 2976 5646 3318 5718; x_wconf 82' lang='lat' dir='ltr'><strong>aggrediatur</strong></span> <span class='ocrx_word' id='word_1_821' title='bbox 3343 5687 3354 5709; x_wconf 90' lang='lat'><strong>,</strong></span> <span class='ocrx_word' id='word_1_822' title='bbox 3389 5653 3577 5715; x_wconf 78' lang='lat' dir='ltr'><strong>patro-</strong></span> 
     </span>
    </p>
   </div>
   <div class='ocr_carea' id='block_1_112' title="bbox 1973 5741 3582 5810">
    <p class='ocr_par' dir='ltr' id='par_1_112' title="bbox 1973 5741 3582 5810">
     <span class='ocr_line' id='line_1_112' title="bbox 1973 5741 3582 5810; baseline -0.005 -16"><span class='ocrx_word' id='word_1_823' title='bbox 1973 5741 2186 5795; x_wconf 79' lang='lat' dir='ltr'><strong>cinante</strong></span> <span class='ocrx_word' id='word_1_824' title='bbox 2210 5742 2561 5806; x_wconf 81' lang='lat' dir='ltr'><strong>necessitate,</strong></span> <span class='ocrx_word' id='word_1_825' title='bbox 2615 5743 2959 5810; x_wconf 85' lang='lat' dir='ltr'><strong>magistratus</strong></span> <span class='ocrx_word' id='word_1_826' title='bbox 2999 5742 3331 5804; x_wconf 83' lang='lat' dir='ltr'><strong>auctoritate,</strong></span> <span class='ocrx_word' id='word_1_827' title='bbox 3367 5749 3420 5793; x_wconf 82' lang='lat' dir='ltr'><strong>et</strong></span> <span class='ocrx_word' id='word_1_828' title='bbox 3452 5741 3582 5793; x_wconf 72' lang='lat' dir='ltr'><strong>sub-</strong></span> 
     </span>
    </p>
   </div>
   <div class='ocr_carea' id='block_1_113' title="bbox 1971 5833 3580 5904">
    <p class='ocr_par' dir='ltr' id='par_1_113' title="bbox 1971 5833 3580 5904">
     <span class='ocr_line' id='line_1_113' title="bbox 1971 5833 3580 5904; baseline -0.001 -15"><span class='ocrx_word' id='word_1_829' title='bbox 1971 5834 2218 5903; x_wconf 76' lang='lat' dir='ltr'><strong>jectionis</strong></span> <span class='ocrx_word' id='word_1_830' title='bbox 2261 5836 2470 5889; x_wconf 80' lang='lat' dir='ltr'><strong>timore.</strong></span> <span class='ocrx_word' id='word_1_831' title='bbox 2518 5835 2669 5901; x_wconf 73' lang='lat' dir='ltr'><strong>Quod</strong></span> <span class='ocrx_word' id='word_1_832' title='bbox 2707 5834 2752 5889; x_wconf 80' lang='lat' dir='ltr'><strong>si</strong></span> <span class='ocrx_word' id='word_1_833' title='bbox 2779 5833 2982 5890; x_wconf 80' lang='lat' dir='ltr'><strong>homini</strong></span> <span class='ocrx_word' id='word_1_834' title='bbox 3017 5835 3331 5904; x_wconf 70' lang='lat' dir='ltr'><strong>ignoscunt,</strong></span> <span class='ocrx_word' id='word_1_835' title='bbox 3366 5834 3487 5903; x_wconf 78' lang='lat' dir='ltr'><strong>quia</strong></span> <span class='ocrx_word' id='word_1_836' title='bbox 3515 5833 3580 5887; x_wconf 81' lang='lat' dir='ltr'><strong>ab</strong></span> 
     </span>
    </p>
   </div>
  </div>
