4084 6430
631 329 736 387 739

629 441 848 498 homine
899 445 1196 502 eontribule
1246 462 1346 503 suo
1393 459 1610 506 coactus
1651 461 1768 516 est;
1823 466 2003 507 nonne
2043 450 2212 506 multo

625 533 798 603 magis
825 535 1023 588 homini
1055 548 1156 607 per
1177 536 1341 593 fatum
1367 549 1574 609 coacto,
1602 541 2009 597 condonandnm
2032 541 2218 598 esset?

625 625 782 694 Atqui
804 625 1182 697 aufugiendum
1211 640 1350 686 erat.
1403 632 1605 688 Verum
1628 632 1772 688 illius
1791 675 1806 701 ,
1833 642 1890 688 ut
1911 634 2078 700 aiunt,
2109 633 2213 688 im-

625 718 735 784 peri
745 732 830 770 nm
854 718 932 773 sic
957 714 1364 793 inexpugnabile
1377 733 1480 791 est,
1505 734 1563 778 ut
1580 727 1823 795 quamvis
1839 725 1892 780 in
1911 725 2208 791 desertum,

622 810 869 874 quamvis
897 807 950 863 in
973 825 1142 879 mare,
1160 815 1400 883 quamvis
1415 815 1580 870 alium
1604 817 1655 870 in
1673 816 1846 872 locum
1866 825 1918 872 te
1942 817 2215 888 conferas,

621 898 736 962 ejus
781 900 975 970 placita
1006 903 1022 934 ⁸
1049 918 1155 958 non
1184 904 1426 976 eﬁugias.
1470 908 1748 975 Quomodo
1786 910 1947 980 igitur
1971 926 2078 966 non
2114 913 2214 967 ab-

620 989 844 1044 surdum
868 990 1026 1049 fuerlt
1050 1035 1067 1059 ,
1097 1011 1217 1050 eum
1261 998 1350 1066 qui
1378 1012 1408 1052 a
1437 997 1677 1054 barbaris
1701 1014 1892 1070 magna
1912 1001 1962 1055 vi
1987 1000 2212 1071 cogitur,

621 1077 783 1136 facile
825 1082 1032 1138 veniam
1078 1083 1408 1154 impetrare,
1455 1097 1513 1143 ut
1557 1104 1626 1145 ne
1652 1089 1868 1160 quidem
1910 1098 2211 1156 accusetur,

619 1183 746 1224 enm
777 1186 923 1239 vero,
949 1174 1036 1243 qui
1061 1178 1383 1245 potentiore,
1412 1190 1472 1234 ut
1498 1180 1677 1247 aiunt,
1711 1181 2035 1237 necessitate
2061 1195 2212 1237 eom-

624 1262 843 1330 pellitur
865 1305 881 1331 ,
915 1279 1099 1334 poenas
1127 1267 1257 1324 dare
1276 1309 1292 1336 ,
1325 1285 1499 1340 neque
1521 1272 1590 1327 ad
1615 1286 1788 1328 causa:
1807 1286 1918 1328 suae
1945 1271 2214 1328 defensio-

623 1367 745 1407 nem
774 1352 1022 1410 admitti?
1047 1356 1217 1413 Nemo
1231 1361 1372 1415 enim
1396 1377 1647 1432 umquam
1679 1363 1843 1418 fatum
1874 1362 2214 1432 prattendens

622 1458 813 1513 ptenas
854 1446 1038 1518 effugit
1069 1467 1084 1504 :
1112 1465 1219 1506 non
1259 1452 1312 1507 in
1352 1453 1467 1508 foro
1501 1452 1742 1524 judiciali
1772 1455 2074 1522 malellcns,
2103 1471 2212 1513 non

622 1535 767 1589 denti
794 1534 1061 1606 famulus,
1091 1555 1196 1596 non
1226 1541 1280 1596 in
1311 1542 1438 1599 ludo
1470 1558 1604 1614 puer
1625 1586 1641 1613 ,
1672 1561 1780 1600 non
1808 1543 1865 1601 in
1891 1547 2096 1602 artibus
2125 1547 2212 1603 di-

623 1627 857 1696 scipulus
880 1670 896 1695 ,
939 1629 985 1685 si
1019 1631 1232 1701 quando
1274 1632 1308 1688 ii
1347 1637 1704 1705 peccaverint.
1746 1635 2027 1704 Quomodo
2052 1638 2213 1709 igitur

620 1717 838 1786 quidam
868 1718 1034 1776 fatum
1063 1729 1275 1779 tuentur
1299 1763 1316 1792 ,
1358 1727 1448 1796 qui
1491 1726 1616 1782 illud
1645 1727 1723 1783 sic
1755 1727 2035 1797 infamant,
2065 1729 2212 1800 ejus-

621 1823 727 1878 que
753 1810 1057 1866 necessitati
1078 1829 1146 1869 ne
1159 1813 1436 1871 minimum
1457 1817 1672 1887 quidem
1687 1819 1857 1875 venite
1877 1820 2212 1876 concedunt?

621 1896 697 1953 Ita
737 1915 931 1970 nempe
966 1903 1190 1959 veritate
1213 1913 1267 1960 et
1290 1907 1617 1963 conscientia
1646 1923 1741 1963 sua
1771 1911 2034 1978 permoti,
2063 1909 2213 1966 fabu-

622 1990 732 2045 lam
760 2007 880 2048 esse
902 2003 1108 2064 putant.
1151 1995 1283 2052 Cum
1327 2008 1506 2053 autem
1538 1999 1592 2053 in
1620 2001 1802 2070 gravia
1839 2008 2054 2070 peccata
2077 2002 2213 2071 lapsi

619 2081 837 2150 fuerint,
866 2084 1004 2140 aliud
1032 2101 1217 2142 rursus
1246 2089 1607 2158 praetendunt,
1639 2105 1746 2160 quo
1774 2105 1832 2146 se
1862 2107 2048 2162 pmnas
2072 2092 2209 2147 ell’u-

619 2187 747 2242 gere
789 2189 948 2243 posse
994 2185 1213 2245 putant,
1264 2180 1417 2248 quasi
1463 2195 1592 2235 vero
1634 2196 1743 2236 non
1785 2180 1906 2241 ideo
1938 2182 2211 2252 graviores

618 2263 817 2320 daturi.
846 2266 1054 2322 Etenim
1082 2283 1188 2323 non
1212 2278 1316 2323 tam
1343 2285 1506 2341 grave
1526 2278 1608 2327 est
1631 2286 1873 2341 peccare,
1904 2288 2063 2344 quam
2092 2282 2212 2344 post

622 2365 900 2424 peccatum
930 2358 1265 2429 impudenter
1305 2375 1464 2432 agere
1486 2403 1502 2428 ,
1548 2371 1604 2418 et
1633 2373 1851 2434 propter
1878 2364 2082 2420 scelera
2111 2379 2207 2420 sua

621 2446 789 2502 Deum
817 2463 1087 2505 accusare.
1113 2451 1224 2507 Hoc
1252 2455 1488 2509 omnium
1516 2464 1851 2524 peccatorum
1875 2459 2206 2515 teterrimum

617 2549 729 2594 est:
757 2540 883 2595 illud
908 2555 1036 2597 vero
1055 2542 1298 2599 diabolus
1323 2559 1494 2613 curat,
1513 2555 1572 2601 ut
1594 2562 1697 2602 non
1721 2546 1880 2603 modo
1899 2563 1997 2604 nos
2016 2564 2208 2620 segnes

617 2632 683 2684 ad
715 2630 985 2698 virtutem,
1034 2643 1088 2688 et
1117 2649 1314 2703 pronos
1341 2635 1407 2690 ad
1443 2636 1642 2691 malum
1684 2637 1904 2706 reddat,
1948 2648 2004 2694 et
2028 2641 2208 2694 omnia

619 2720 732 2776 Deo
758 2723 1050 2780 attribucre
1065 2725 1318 2792 suadeat;
1346 2727 1440 2782 sed
1462 2729 1620 2782 etiam
1640 2729 1963 2786 delensionis
1983 2730 2207 2786 obtentu

618 2823 672 2867 et
699 2815 928 2869 animam
957 2825 1011 2871 et
1055 2817 1284 2888 linguam
1313 2827 1549 2875 nostram
1577 2822 1629 2876 in
1659 2822 2044 2894 blasphemiam
2074 2839 2206 2880 con-

617 2908 793 2980 jieiat,
832 2919 969 2967 utet
1000 2913 1163 2968 Deum
1191 2929 1502 2972 accusemus
1524 2955 1540 2983 ,
1592 2925 1647 2973 et
1691 2918 1829 2974 male
1871 2925 2145 2987 gestorum
2176 2936 2205 2975 a

619 3000 772 3056 nobis
795 3001 974 3057 odium
1003 3004 1363 3075 deponamus,
1411 3017 1466 3062 et
1491 3008 1542 3062 in
1575 3023 1697 3066 eum
1718 3050 1733 3076 ,
1770 3009 1863 3080 qui
1888 3019 2072 3065 auctor
2101 3027 2207 3065 non

622 3099 730 3158 est,
761 3092 970 3163 culpam
1001 3095 1361 3152 traducamus.
1395 3098 1554 3169 Atqui
1584 3099 1627 3154 si
1653 3099 1773 3169 quis
1797 3100 1936 3170 apud
1965 3100 2210 3157 homines

619 3182 816 3252 aliquid
860 3184 964 3240 tale
1015 3184 1374 3257 designaverit
1397 3229 1415 3257 ,
1461 3189 1546 3244 vel
1582 3189 1643 3244 id
1677 3205 1840 3245 unum
1879 3191 2010 3246 satis
2034 3201 2118 3246 est
2141 3191 2207 3246 ad

619 3274 735 3341 ejus
764 3275 1154 3331 accusationem
1194 3285 1355 3348 atque
1384 3278 1694 3350 perniciem.
1744 3279 1876 3334 Cum
1915 3280 2035 3350 quis
2062 3281 2208 3336 enim

619 3363 846 3418 alterum
874 3366 1242 3436 calumniatur,
1267 3371 1475 3425 etiamsi
1501 3370 1633 3425 nihil
1661 3371 1785 3426 mali
1809 3373 2116 3442 patraverit,
2151 3383 2208 3427 ut

621 3455 859 3510 criminis
905 3458 982 3512 rei
1021 3459 1281 3528 supplicio
1323 3461 1594 3530 plectitur.
1655 3459 1788 3516 Vide
1829 3461 1987 3531 igitur
2010 3470 2204 3532 quanta

619 3547 758 3600 mala
789 3546 1031 3605 diabolus
1071 3565 1165 3620 per
1206 3550 1370 3606 fatum
1411 3553 1671 3608 inducat:
1710 3555 1917 3608 virtutis
1959 3563 2205 3610 contem-

620 3645 811 3705 ptum;
859 3639 1092 3695 anim-'m
1134 3643 1328 3713 quippe
1353 3645 1572 3700 resolvit
1613 3647 1952 3716 quantumvis
1979 3662 2204 3717 pronum

619 3725 686 3779 ad
733 3727 958 3783 sudores
1005 3744 1102 3799 pro
1145 3733 1232 3786 illa
1278 3735 1681 3805 suscipiendos,
1731 3736 1946 3806 quando
1994 3736 2202 3805 suadet,

620 3816 823 3872 nullum
851 3820 994 3890 quod
1031 3822 1086 3876 in
1124 3838 1223 3878 nos
1248 3824 1446 3880 incidat
1467 3835 1674 3898 gestum
1693 3842 1802 3898 pro
1833 3826 1960 3883 vitio
1998 3825 2204 3884 haben-

685 3997 703 4026 ⁸
737 3993 890 4056 Colb.,
914 3996 1001 4062 ﬁta
1022 3998 1145 4061 ejus,
1170 4014 1280 4065 qua
1304 4005 1451 4053 etiam
1472 4002 1623 4055 lectio
1643 4006 1883 4070 quadrare
1899 4011 2079 4069 potest.

1429 337 1504 405 s.,
1526 338 1804 397 JOANNIS
1839 299 2319 397 coursosront
2360 339 3245 401 summamsummam
3824 348 3914 404 reo

2327 450 2474 508 dum.
2495 452 2628 509 Cum
2645 455 2786 510 enim
2812 455 2931 526 quis
2954 455 3222 524 didicerit,
3247 454 3539 526 mmchum,
3569 457 3905 523 homicidam,

2323 557 2599 600 murorum
2628 543 2963 610 eﬂ'ossorem,
2993 561 3104 604 non
3145 560 3267 602 esse
3307 546 3546 602 criminis
3584 562 3775 614 reum,
3815 565 3916 604 non

2321 634 2532 691 desinet
2559 636 2712 706 quasi
2741 635 2796 691 in
2843 636 3102 706 praecipiti
3146 636 3266 692 loco
3303 646 3495 707 sponte
3535 653 3704 693 ruens
3739 639 3910 708 provi-

2321 725 2517 782 dentiae
2556 725 2690 780 alios
2735 726 3148 797 calumniatores
3173 727 3426 796 efﬁcere,
3472 735 3528 783 et
3570 727 3686 798 ipse
3711 744 3919 798 quoque

2321 813 2674 870 calumniator
2691 814 2783 869 Dei
2815 829 2936 872 esse
2972 833 2986 870 :
3015 829 3120 886 quo
3149 815 3298 886 quid,
3327 832 3532 884 quaeso,
3559 818 3912 887 perniciosius

2320 921 2440 962 esse
2468 905 2691 976 potest?
2742 905 3029 978 Fugiamns
3057 906 3235 976 itaque
3255 947 3270 972 ,
3295 907 3474 963 dilecti
3498 947 3513 973 ,
3557 908 3722 964 talem
3753 907 3916 964 idolo-

2321 996 2560 1052 latriam:
2588 1013 2714 1054 vere
2737 1012 2881 1053 mors
2905 1006 2984 1052 est
3007 998 3060 1052 in
3077 997 3181 1052 olla
3203 997 3277 1067 (4.
3303 998 3431 1070 Reg.
3451 999 3506 1054 4.
3529 998 3650 1069 ω),
3673 1014 3913 1054 omnem-

2323 1103 2428 1158 que
2471 1090 2562 1160 qui
2618 1089 2742 1144 inde
2787 1089 3026 1144 hauserit
3073 1090 3156 1145 vel
3210 1091 3472 1145 tantillum
3523 1106 3912 1160 perversoruzn

2318 1177 2645 1250 dogmatum,
2679 1195 2900 1251 prorsus
2929 1180 3066 1235 mori
3091 1195 3312 1236 necesse
3335 1189 3439 1246 est,
3469 1181 3572 1240 nisi
3602 1182 3833 1246 resiliat,
3864 1193 3911 1238 et

2317 1271 2546 1326 sanitate
2593 1286 2722 1341 pura
2749 1270 2974 1325 fruatur.
3026 1269 3104 1326 Ne
3144 1271 3303 1341 igitur
3343 1280 3528 1342 postea
3579 1270 3910 1326 infructuose

2317 1360 2629 1430 plorcmus,
2674 1375 2798 1416 cum
2827 1361 2982 1417 nobis
3024 1368 3282 1416 statutum
3323 1361 3657 1431 pmniteutite
3706 1371 3915 1431 tempus

2318 1460 2442 1524 post
2468 1452 2749 1509 decessum
2789 1454 3070 1524 prtecisum
3110 1454 3307 1521 fuerit,
3356 1454 3529 1510 donec
3583 1455 3639 1509 in
3694 1457 3914 1510 arbitrio

2318 1551 2503 1598 nostro
2522 1545 2683 1599 situm
2708 1553 2812 1609 est,
2834 1553 3092 1614 quotquot
3118 1544 3218 1599 hoc
3233 1545 3466 1615 correpti
3487 1559 3673 1600 sumus
3701 1540 3912 1608 m'orbo,

2317 1635 2688 1706 paenitentiam
2714 1649 2934 1707 agamus
2961 1646 3018 1691 et
3043 1636 3420 1706 resipiscamus
3449 1648 3466 1690 :
3499 1645 3766 1708 quotquot
3789 1653 3917 1694 vero

2316 1727 2430 1781 sani
2456 1741 2662 1793 sumus,
2679 1735 2734 1782 et
2762 1726 3177 1782 incolumitatem
3202 1740 3502 1792 servemus,
3523 1727 3702 1783 ethoc
3724 1728 3915 1783 morbo

2314 1817 2574 1888 correptis
2612 1832 2826 1873 manum
2867 1817 3222 1888 porrigamns.
3262 1815 3393 1871 Nam
3423 1817 3468 1871 si
3496 1831 3728 1888 corpore
3758 1819 3914 1890 :rgris

2316 1907 2418 1962 hoc
2439 1908 2671 1962 studium
2715 1907 2959 1978 hancque
2999 1922 3182 1962 curam
3231 1905 3579 1974 adhibemus,
3629 1909 3799 1962 animi
3829 1910 3910 1963 in-

2313 2008 2538 2070 gruente
2565 1998 2754 2054 morbo
2777 2040 2792 2066 ,
2829 1997 2962 2068 quid
2994 2013 3102 2055 non
3140 2011 3172 2052 a
3199 1998 3354 2054 nobis
3394 2001 3760 2069 przestandum
3798 2003 3915 2056 est?

2313 2091 2441 2162 quid
2470 2107 2576 2146 non
2621 2090 3004 2147 sustinebimus
3025 2131 3042 2156 ,
3097 2099 3154 2145 ut
3184 2089 3404 2147 fratrem
3426 2133 3441 2158 ,
3483 2091 3552 2146 ad
3595 2095 3914 2148 societatem

2315 2181 2678 2237 membrorum
2708 2181 2952 2237 eamdem
2978 2189 3285 2251 cooptatum
3310 2221 3328 2246 ,
3375 2196 3762 2251 recuperemus
3784 2225 3801 2250 ,
3825 2182 3912 2252 qui

2313 2271 2378 2327 ad
2397 2271 2784 2342 plenitudinem
2801 2273 3042 2343 corporis
3058 2272 3402 2328 ecclesiastici
3426 2274 3694 2344 pertinet?
3719 2277 3914 2330 Omnia

2312 2362 2473 2432 igitur
2491 2361 2648 2432 hujus
2664 2377 2822 2417 causa
2839 2363 3214 2432 suscipiamus,
3242 2363 3416 2417 omnia
3440 2362 3727 2428 faciamus,
3754 2381 3917 2420 canes

2311 2465 2375 2507 ac
2401 2451 2553 2522 lupos
2579 2451 2884 2522 abigentes:
2909 2467 3082 2522 neque
3108 2463 3342 2507 nostram
3361 2453 3584 2513 salutem
3603 2455 3738 2508 satis
3763 2455 3919 2510 nobis

2312 2556 2432 2598 esse
2451 2553 2713 2612 putemus.
2729 2542 3183 2611 Quemadmodum
3204 2544 3345 2597 enim
3364 2543 3562 2598 dictum
3580 2554 3687 2611 est,
3704 2545 3772 2600 Si
3785 2547 3917 2599 vide-

2315 2632 2404 2687 bas
2428 2634 2610 2702 furem,
2639 2633 2872 2687 currebas
2896 2649 3010 2686 cum
3030 2649 3108 2700 eo,
3141 2641 3188 2687 et
3214 2649 3327 2686 cum
3353 2633 3600 2687 adulteris
3625 2636 3915 2704 portionem

2313 2731 2452 2777 tuam
2471 2722 2690 2793 ponebas
2710 2721 2828 2792 (Ps.
2850 2721 2937 2776 49.
2965 2720 3085 2794 l8):
3107 2722 3176 2776 ita
3194 2731 3250 2777 et
3269 2722 3354 2777 hic
3365 2737 3576 2792 quoque
3601 2723 3914 2791 audiamus;

2310 2826 2432 2867 eum
2451 2811 2739 2867 viderimus
2759 2813 2988 2882 aliquem
3009 2827 3073 2866 ex
3096 2811 3344 2866 fratribus
3356 2812 3552 2866 nostris
3563 2813 3916 2868 suﬂ'urantem

2311 2902 2492 2958 verbis
2518 2911 2573 2957 ct
2597 2903 2830 2957 susurris
2853 2941 2869 2966 ,
2901 2901 3000 2954 ista
3028 2900 3326 2955 audiamus.
3361 2902 3560 2956 Domus
3586 2903 3805 2958 Domini
3834 2914 3915 2959 est

2315 2993 2573 3061 Ecclesia,
2601 3008 2728 3048 vasa
2760 2992 2989 3063 pretiosa
3011 3000 3135 3046 sunt
3161 2991 3367 3046 ﬁdeles.
3393 2990 3527 3047 Cum
3554 3008 3687 3063 ergo
3713 2994 3916 3049 videris

2313 3094 2592 3142 externum
2620 3085 2852 3156 aliquem
2877 3099 2943 3139 ex
2973 3084 3115 3138 vasis
3135 3083 3406 3154 quidpiam
3435 3084 3673 3155 diripere
3706 3102 3915 3141 conan-

2313 3183 2419 3230 tcm
2445 3217 2461 3242 ,
2494 3175 2702 3231 etiamsi
2732 3182 2785 3229 tu
2813 3190 2921 3230 non
2967 3174 3067 3229 hoc
3091 3174 3220 3229 vitio
3247 3184 3434 3244 captus
3459 3175 3535 3230 sis
3558 3217 3574 3244 ,
3604 3185 3801 3246 utpote
3831 3176 3917 3246 qui

2313 3265 2649 3336 pericliteris,
2678 3266 2723 3320 si
2748 3265 3004 3335 negligas,
3027 3279 3202 3334 neque
3221 3265 3383 3320 adeas
3401 3280 3514 3332 eos,
3539 3267 3630 3336 qui
3660 3267 3712 3321 id
3731 3283 3919 3322 emen-

2311 3355 2441 3411 dare
2467 3363 2710 3426 possunt,
2741 3370 2866 3410 reus
2886 3356 2994 3410 eris
3019 3356 3214 3409 anima:
3238 3355 3399 3422 illius,
3427 3357 3515 3425 qui
3544 3371 3668 3412 cum
3709 3358 3920 3414 videris

2312 3445 2481 3502 furem
2508 3446 2871 3512 eﬁ'odientem,
2897 3461 3003 3501 non
3031 3446 3374 3516 impediveris
3399 3447 3513 3503 sive
3545 3463 3645 3519 per
3673 3459 3726 3504 te
3749 3492 3767 3515 ,
3798 3451 3917 3507 sive

2311 3553 2409 3608 per
2431 3537 2613 3592 alium.
2645 3535 2826 3606 Neque
2852 3551 2976 3592 vero
3007 3538 3110 3591 hoc
3136 3535 3277 3604 dico,
3306 3535 3449 3608 quod
3482 3537 3576 3591 tibi
3610 3538 3918 3608 periculum

2312 3628 2626 3700 impendere
2648 3637 2853 3699 putem,
2897 3627 2993 3684 sed
3022 3636 3079 3683 nt
3107 3637 3160 3684 te
3185 3641 3436 3683 securum
3465 3627 3710 3697 reddam,
3745 3640 3917 3701 utque

2312 3723 2365 3778 id
2418 3722 2645 3778 efﬁciam
2693 3730 2754 3776 ut
2805 3719 3024 3791 perinde
3070 3720 3298 3776 aliorum
3346 3729 3509 3790 atque
3561 3729 3709 3775 tuam
3758 3739 3921 3778 cures

2310 3812 2558 3868 salutem.
2589 3811 2660 3866 Ita
2687 3811 2830 3865 enim
2855 3811 3145 3880 poterimus
3169 3808 3435 3880 promissa
3458 3812 3719 3881 consequi
3749 3814 3919 3879 bona,

2310 3903 2477 3974 gratia
2533 3901 2770 3970 Christi,
2825 3902 2910 3957 cui
2964 3901 3135 3972 gloria
3191 3901 3247 3956 in
3302 3900 3501 3956 secula
3559 3904 3915 3960 saculorum.

2313 3998 2509 4050 Amen.

1474 4235 1633 4316 DE
1687 4232 2480 4364 PROVIDENTIA
2536 4232 2684 4314 ET
2727 4228 3058 4314 FATO.

1263 4553 1460 4595 οιιΑτιο
1498 4556 1569 4594 ιν.

693 4626 887 4681 Eadem
913 4628 1025 4697 ipsa
1051 4629 1216 4682 dicere
1252 4630 1377 4683 mihi
1407 4631 1606 4700 quidem
1637 4647 1787 4702 grave
1811 4647 1912 4686 non
1933 4641 2036 4698 est,
2073 4630 2211 4687 vobis

620 4735 736 4773 vero
766 4728 929 4771 tutum
955 4717 1214 4790 (Philipp.
1247 4720 1300 4774 5.
1331 4719 1408 4791 l).
1453 4719 1604 4786 Quod
1629 4722 1674 4775 si
1700 4721 1867 4776 Paulo
1906 4722 2211 4792 frequenter

621 4811 912 4880 discipulos
935 4810 1174 4866 doctrina
1197 4811 1436 4868 imbuere
1461 4827 1594 4882 opus
1608 4813 1740 4879 fuit;
1760 4815 1944 4882 Paulo,
1970 4814 2205 4884 inquam,

621 4903 859 4973 quicum
891 4901 1119 4970 Spiritus
1157 4904 1324 4974 gratia
1369 4903 1629 4971 docebat,
1681 4906 1771 4975 qui
1815 4921 1935 4960 cum
1985 4906 2210 4976 imperio

623 4993 866 5048 inimicos
894 4994 1140 5064 abigebat
1158 5037 1175 5063 ,
1216 4995 1306 5065 qui
1328 4996 1566 5050 omnium
1594 4997 1936 5067 argritudines
1962 4997 2206 5066 tollebat,

626 5085 788 5139 Patth
810 5085 881 5140 ita
908 5084 1190 5153 honorato,
1223 5102 1381 5157 quem
1412 5102 1603 5143 omnes
1628 5087 1912 5143 audiebant
1934 5089 2082 5159 quasi
2108 5103 2208 5143 an-

621 5178 796 5247 gelum
825 5179 892 5231 de
917 5178 1048 5232 caelo
1069 5179 1510 5244 descendentem,
1537 5181 1646 5235 imo
1673 5182 1846 5249 potius
1869 5183 2016 5252 quasi
2036 5183 2207 5253 ipsum

623 5269 929 5334 Christum;
959 5269 1002 5324 si
1031 5270 1206 5342 itaque
1228 5270 1300 5326 illi
1323 5286 1544 5327 necesse
1564 5271 1667 5326 fuit
1686 5272 1992 5343 frequenter
2021 5273 2208 5329 eadem

623 5361 735 5429 ipsa
760 5371 1025 5431 repetere,
1051 5362 1217 5418 multo
1236 5365 1402 5435 magis
1419 5364 1594 5430 nobis,
1623 5365 1713 5435 qui
1736 5366 1883 5421 nullo
1907 5367 1958 5421 in
1986 5383 2210 5422 numero

623 5468 829 5510 sumus.
857 5455 1065 5510 Etenim
1097 5457 1253 5512 etiam
1282 5457 1433 5514 vobis
1477 5467 1646 5512 tutum
1689 5468 1772 5513 est
1809 5457 2117 5530 frequenter
2141 5460 2210 5515 de

624 5543 810 5600 iisdem
842 5547 972 5617 ipsis
997 5547 1154 5602 rebus
1189 5548 1376 5604 audire
1396 5589 1411 5615 ,
1447 5563 1548 5605 nec
1575 5549 1737 5604 modo
1764 5548 1832 5604 de
1862 5550 2046 5606 iisdem
2079 5551 2209 5621 ipsis

624 5632 807 5703 rebus,
838 5635 929 5691 sed
959 5635 1146 5691 eadem
1173 5637 1284 5708 ipsa
1307 5637 1375 5693 de
1405 5639 1590 5696 iisdem
1621 5639 1750 5709 ipsis
1770 5639 1949 5694 rebus.
1981 5640 2057 5696 Ne
2084 5657 2206 5711 gra-

625 5734 779 5780 vetur
803 5740 928 5796 ergo
955 5727 1231 5799 quisquam
1259 5769 1274 5796 ,
1317 5743 1488 5801 neque
1519 5729 1801 5787 molestum
1833 5730 1931 5786 sibi
1964 5741 2130 5803 putet,
2161 5733 2204 5788 si

2323 4538 2390 4595 de
2416 4538 2602 4594 eadem
2628 4537 2910 4610 hypothesi
2933 4537 3119 4594 eadem
3145 4537 3258 4609 ipsa
3289 4545 3662 4593 retractemus.
3683 4537 3743 4594 Si
3771 4540 3917 4596 enim

2311 4632 2581 4688 conﬁdere
2608 4633 2830 4697 liceret,
2860 4645 2956 4686 vos
2983 4630 3065 4685 his
3091 4628 3255 4684 semel
3295 4628 3492 4684 auditis
3539 4629 3916 4700 aegritudinem

2313 4722 2476 4778 animi
2499 4722 2839 4793 deposituros
2874 4735 3016 4788 esse,
3066 4734 3135 4775 ne
3167 4719 3244 4774 sic
3270 4718 3486 4789 quidem
3512 4719 3581 4775 ab
3612 4719 3719 4776 hoc
3746 4736 3913 4791 argu-

2313 4825 2494 4871 mento
2521 4815 2882 4870 recedendum
2909 4855 2926 4880 ,
2969 4813 3063 4868 sed
3100 4811 3168 4867 de
3192 4811 3383 4866 eodem
3418 4811 3535 4881 ipso
3572 4812 3908 4882 loquendum

2311 4916 2474 4973 esset,
2507 4915 2566 4962 ut
2593 4907 2744 4960 ﬁrma
2766 4904 3080 4974 stabilisque
3103 4902 3303 4957 sanitas
3331 4910 3476 4958 esset
3494 4943 3508 4965 ,
3536 4915 3742 4973 vosque
3769 4904 3911 4957 cauti

2311 5000 2501 5054 essetis
2525 5040 2540 5066 ,
2588 5015 2654 5053 nc
2681 4999 2732 5051 in
2760 4996 2876 5051 hazc
2903 5011 3065 5066 opera
3096 4995 3426 5050 recideretis.
3479 4992 3748 5060 Quoniam
3785 5009 3916 5049 vero

2311 5092 2448 5161 apud
2482 5090 2752 5146 auditores
2795 5089 3052 5158 reliquias
3095 5086 3272 5141 adhuc
3301 5084 3472 5139 morbi
3504 5099 3626 5139 esse
3659 5086 3910 5156 suspica-

2313 5198 2452 5249 mur,
2484 5181 2788 5236 neccssaria
2814 5189 2867 5234 et
2886 5178 3077 5233 rationi
3109 5185 3468 5232 consentanea
3499 5173 3658 5228 nobis
3686 5185 3774 5229 est
3804 5175 3911 5230 fre-

2310 5287 2480 5342 quens
2513 5272 2700 5327 iisdem
2738 5270 2805 5325 de
2845 5269 3006 5324 rebus
3044 5266 3370 5321 adhortatio.
3421 5263 3593 5319 Hodie
3618 5273 3802 5320 autem
3832 5265 3911 5320 di-

2312 5365 2539 5419 cendum
2588 5374 2669 5420 est
2714 5379 2822 5435 quo
2875 5370 3032 5432 pacto
3080 5359 3194 5414 hinc
3243 5356 3578 5428 eﬁ‘ugiamus.
3625 5355 3910 5424 Quomodo

2313 5457 2473 5528 igitur
2502 5455 2847 5529 cll'ugiemus?
2896 5454 3078 5508 Primo
3119 5450 3367 5522 precibus
3408 5457 3463 5503 et
3487 5447 3759 5517 colloquio
3785 5464 3903 5504 cum

2314 5549 2447 5611 Deo,
2475 5548 2708 5603 secundo
2733 5547 2831 5617 piis
2859 5542 3286 5615 cogitationibus.
3311 5541 3365 5596 Si
3385 5540 3528 5594 enim
3557 5539 3757 5595 videris
3782 5557 3899 5610 quae

2313 5639 2488 5695 futnra
2505 5682 2520 5706 ,
2544 5654 2662 5710 qua:
2691 5632 2975 5708 pr:r'sentia
3004 5633 3225 5700 fuerint,
3251 5647 3314 5688 ac
3341 5640 3546 5686 rectum
3571 5629 3644 5686 de
3666 5632 3905 5698 utrisque

2313 5731 2575 5788 Calculum
2605 5729 2808 5798 tuleris,
2838 5740 3124 5799 numquam
3150 5725 3248 5781 hoc
3274 5723 3469 5779 malum
3497 5723 3730 5781 animam
3761 5729 3901 5776 tuam
