4066 6436
263 484 511 556 attinget.
559 481 691 539 Cum
730 495 860 553 ergo
901 479 1101 536 videris
1137 480 1670 552 quempiamprmter
1691 477 1866 550 digni-

265 588 428 634 tatem
460 578 783 648 locupletem
809 616 824 637 .
867 591 934 631 ne
959 563 1171 630 beatum
1196 572 1476 643 pra-dices,
1511 588 1578 628 ne
1607 572 1866 627 aemulan-

261 670 390 726 dum
417 681 575 743 putes
592 710 608 735 ,
649 683 823 740 neque
851 667 944 723 Dei
987 665 1376 737 providentiam
1403 663 1630 721 damnes
1648 705 1663 727 .
1690 679 1867 733 neque

262 771 422 833 putes
448 770 651 816 texuere
670 769 725 814 et
751 773 880 814 casu
930 756 1058 813 ferri
1106 772 1194 812 res
1239 765 1566 827 praesentes,
1608 754 1732 825 quia
1772 754 1866 809 ille

262 853 526 922 quispiam
577 858 777 920 praeter
821 849 1069 904 meritum
1121 846 1361 915 locuples
1406 854 1508 902 est.
1555 844 1866 901 Recordare

263 942 449 998 Latiari
493 951 544 996 et
590 940 772 996 divitis
811 938 963 1010 (Luc.
995 936 1084 1010 16)
1110 955 1124 991 :
1153 945 1209 993 ut
1254 936 1341 992 hic
1369 935 1586 1006 quidem
1615 934 1685 990 ad
1709 950 1863 990 sum-

263 1040 405 1080 mam
435 1040 612 1079 rerum
647 1033 702 1079 et
726 1023 1032 1078 divitiarum
1075 1022 1286 1091 copiam
1340 1020 1647 1090 pervenerit
1674 1060 1690 1086 ,
1739 1034 1861 1073 cum

259 1125 409 1173 esset
436 1115 670 1172 crudelis
687 1155 701 1179 ,
732 1114 877 1171 ferus
901 1123 957 1170 et
993 1113 1352 1178 inhumanus,
1380 1112 1617 1183 ipsisque
1640 1110 1864 1167 canibus

259 1209 533 1264 cil'eratior
572 1225 587 1263 :
623 1207 889 1277 siquidem
931 1206 1008 1261 illi
1052 1219 1357 1277 pauperem
1386 1203 1782 1260 miserabantur
1807 1210 1864 1257 et

259 1301 564 1366 curabant,
612 1313 712 1354 nec
751 1298 988 1369 segniter
1033 1297 1216 1359 ulcera
1259 1296 1313 1351 in
1355 1304 1468 1352 toto
1493 1295 1612 1366 ejus
1636 1309 1862 1366 corpore

261 1391 574 1460 lingebant;
632 1392 722 1447 ille
767 1406 898 1446 vero
938 1405 1007 1446 ne
1056 1389 1225 1445 micas
1270 1388 1488 1460 quidem
1535 1387 1634 1457 ipsi
1677 1386 1858 1442 dabat.

258 1480 442 1550 Cogita
463 1495 593 1550 ergo
621 1479 893 1551 quomodo
914 1479 1002 1535 hic
1025 1478 1093 1533 ad
1114 1493 1384 1534 summum
1413 1478 1705 1548 opulentiae
1732 1492 1857 1547 per-

257 1571 502 1637 venerit;
535 1571 623 1627 ille
647 1585 778 1626 vero
806 1585 1042 1642 panper,
1083 1569 1178 1626 sed
1207 1569 1383 1640 reipsa
1409 1568 1594 1634 dives,
1623 1577 1679 1624 et
1710 1570 1859 1624 locu-

258 1663 394 1732 ples,
427 1667 480 1716 in
507 1673 812 1719 extremm
843 1662 1077 1733 inopiam
1108 1661 1408 1728 deciderit,
1454 1662 1527 1716 ita
1567 1671 1628 1717 ut
1673 1677 1860 1717 neces-

255 1754 398 1809 sario
425 1754 546 1808 cibo
571 1753 955 1808 destitueretur
977 1792 994 1818 ,
1017 1767 1082 1810 ac
1111 1760 1370 1823 perpetuo
1390 1766 1513 1808 cum
1541 1751 1861 1822 aegritudine

254 1849 312 1900 et
340 1844 480 1901 fame
507 1845 818 1900 luctaretur.
852 1844 921 1899 Et
949 1843 1036 1899 hic
1065 1843 1283 1916 quidem
1310 1843 1512 1911 minus,
1543 1857 1704 1913 quam
1733 1855 1860 1897 usus

257 1936 410 2000 tulit,
457 1935 722 2001 habebat,
765 1935 857 1990 ille
900 1950 1032 1990 vero
1075 1935 1211 1990 ultra
1243 1933 1462 1990 modum
1495 1949 1675 1989 rerum
1706 1934 1858 2003 copia

254 2027 530 2083 aflluebat.
564 2030 816 2083 Attamen
850 2043 957 2082 non
984 2027 1211 2082 moleste
1243 2026 1466 2092 ferebat,
1502 2041 1608 2080 non
1637 2025 1856 2095 impium

253 2123 480 2176 verbum
505 2121 846 2192 proferebat,
872 2136 977 2176 non
1010 2121 1177 2176 Deum
1207 2122 1516 2187 accusabat,
1549 2135 1655 2174 non
1679 2121 1854 2190 provi-

252 2213 490 2268 dentiam
511 2213 916 2278 criminabatur,
942 2228 1047 2267 non
1075 2212 1185 2266 fato
1209 2211 1324 2267 haec
1347 2212 1680 2267 adscribebat
1713 2228 1726 2276 ;
1760 2227 1860 2266 nec

253 2305 486 2373 cuipiam
527 2292 626 2361 u'ec
668 2306 770 2360 sibi
818 2305 919 2375 ipsi
965 2319 1217 2374 umquam
1257 2303 1395 2358 dixit
1425 2320 1438 2358 :
1471 2304 1580 2373 Ego
1603 2305 1696 2372 qui
1727 2301 1858 2356 nihil

250 2396 530 2466 speciatim
561 2397 577 2428 ί
607 2398 731 2451 mali
773 2397 870 2452 feci
898 2438 914 2463 ,
957 2397 1089 2452 tales
1120 2410 1305 2465 poenas
1329 2395 1432 2462 do,
1463 2404 1518 2450 et
1545 2405 1849 2450 extremum

250 2489 545 2544 cruciatum
575 2489 849 2556 sustineo,
883 2489 1022 2544 fame
1055 2486 1372 2554 tabescens,
1409 2486 1726 2558 gravissimo
1756 2486 1857 2542 ab-

248 2588 500 2649 sumptus
524 2579 735 2643 morbo,
765 2579 1018 2649 paulatim
1049 2578 1366 2648 absumptus
1393 2587 1450 2634 et
1473 2578 1738 2641 ftedatus;
1770 2577 1858 2633 hic

252 2686 383 2726 vero
411 2671 565 2727 dives
590 2682 673 2727 est
697 2671 1012 2742 deliciisque
1040 2671 1227 2738 afﬂuit,
1254 2672 1443 2728 alienis
1459 2671 1856 2728 calamitatibus

248 2764 572 2831 epulentus,
613 2763 768 2818 malis
797 2763 1061 2816 insultans
1088 2763 1224 2817 meis
1257 2779 1271 2816 :
1303 2771 1358 2817 rt
1397 2764 1542 2819 hunc
1571 2772 1750 2818 tamen
1775 2763 1858 2817 in-
1919 2776 1927 2782 '

247 2853 581 2920 humanum,
633 2853 894 2909 immitem
921 2894 936 2919 ,
991 2853 1264 2909 crudelem
1307 2861 1363 2910 ct
1399 2868 1657 2920 saxeum,
1693 2863 1855 2908 tanta:

247 2945 492 3015 pecunia:
521 2944 794 2998 dominum
826 2943 953 2999 fecit
986 2944 1159 3010 Deus;
1214 2959 1303 3000 me
1343 2960 1475 2999 vero
1495 2986 1509 3010 ,
1540 2944 1633 3015 qui
1654 2961 1722 3001 ne
1749 2945 1853 2999 mi-

245 3037 396 3092 nimo
424 3037 640 3106 quidem
671 3037 839 3092 verbo
875 3038 1048 3107 ipsum
1077 3037 1363 3108 provocavi
1388 3078 1403 3103 ,
1438 3046 1518 3092 tot
1545 3038 1703 3093 malis
1730 3052 1856 3093 crus

244 3127 374 3182 ciari
405 3127 646 3196 permisit
675 3144 689 3181 :
716 3127 986 3196 quomodo
1015 3126 1132 3182 haec
1151 3127 1300 3197 justo
1327 3127 1420 3182 illo
1440 3126 1646 3197 judicio
1669 3170 1684 3188 .
1719 3143 1854 3198 quo-

249 3217 411 3272 modo
441 3218 772 3288 providentia
809 3227 864 3274 et
887 3233 1014 3274 cura
1047 3219 1214 3275 nostri
1248 3219 1408 3291 digna
1441 3218 1680 3275 fuerint?
1709 3221 1850 3277 Nihil

246 3306 440 3362 borum
474 3309 562 3363 ille
603 3308 760 3365 dixit.
817 3309 919 3377 Qui
966 3310 1127 3380 igitur
1166 3325 1272 3364 non
1321 3310 1616 3366 absurdum
1663 3311 1847 3380 fuerit,

247 3402 464 3472 quando
489 3401 652 3458 iidem
676 3403 776 3473 ipsi
805 3404 891 3473 qui
916 3403 1056 3457 male
1082 3403 1358 3472 patiuntur
1383 3403 1434 3457 in
1457 3403 1710 3459 omnibus
1742 3405 1853 3460 Deo

248 3495 321 3548 ita
353 3493 698 3560 bcnedicunt,
726 3503 780 3548 te
809 3493 904 3563 qui
932 3501 1082 3548 extra
1103 3494 1404 3548 certamina
1425 3494 1499 3549 sis
1517 3535 1532 3560 ,
1560 3494 1630 3548 de
1659 3494 1848 3550 iisdem

249 3585 303 3638 in
346 3584 517 3640 Deum
545 3584 921 3654 blasphemare
960 3583 1028 3639 de
1067 3583 1262 3655 quibus
1300 3585 1391 3639 alii
1415 3587 1618 3656 gratias
1645 3586 1850 3656 agunt?

245 3674 348 3741 Qui
376 3675 520 3730 enim
544 3675 684 3729 maio
708 3672 942 3730 afﬁcitur
960 3717 974 3740 ,
1008 3673 1218 3729 etiamsi
1244 3675 1460 3745 aliquod
1493 3676 1717 3730 verbum
1746 3677 1851 3731 du-

246 3781 366 3820 rum
395 3765 716 3836 protulerit,
747 3766 997 3836 quamvis
1034 3780 1142 3821 non
1181 3775 1382 3820 tantam
1406 3775 1663 3837 quantam
1691 3766 1850 3835 alius,

245 3859 479 3929 aliquam
525 3866 702 3912 tamen
747 3857 1014 3912 minorem
1063 3858 1412 3928 consequitur
1457 3857 1716 3913 veniam:
1761 3859 1851 3928 qui

246 3961 428 4006 autem
460 3958 610 4006 extra
652 3949 984 4005 calamitates
1009 3959 1256 4004 versatur
1278 3989 1296 4016 ,
1329 3959 1385 4004 et
1412 3949 1637 4005 aliarum
1669 3966 1849 4005 rerum

246 4055 407 4095 causa
438 4041 670 4095 animam
701 4055 852 4095 suam
882 4039 1055 4110 perdit
1080 4080 1096 4106 ,
1128 4055 1232 4110 qua
1258 4039 1413 4095 venia
1437 4040 1630 4110 dignus
1654 4041 1777 4104 erit,
1801 4039 1850 4095 si

246 4133 315 4189 de
343 4133 448 4187 illis
474 4133 526 4187 in
551 4133 718 4187 Deum
760 4132 1130 4202 blasphemet,
1160 4130 1228 4188 de
1257 4131 1450 4202 quibus
1475 4130 1566 4186 ille
1592 4131 1682 4202 qui
1712 4132 1852 4186 mala

249 4225 481 4292 patitur,
510 4223 709 4293 gratias
746 4223 888 4292 agit,
934 4230 990 4277 et
1034 4222 1182 4277 illum
1222 4221 1444 4278 laudare
1481 4237 1590 4276 non
1615 4220 1853 4278 desinit?

243 4313 380 4368 Cum
401 4313 602 4368 videris
639 4313 843 4384 justum
882 4312 1020 4367 mala
1049 4313 1341 4384 patientem
1363 4355 1378 4378 ,
1408 4315 1512 4368 hoc
1539 4312 1850 4383 exemplum

245 4405 427 4459 animo
457 4413 641 4474 repeto
672 4423 686 4460 :
718 4418 894 4474 neque
920 4405 1062 4458 enim
1093 4404 1183 4458 illo
1222 4402 1511 4473 justiorein
1543 4405 1852 4474 quempiam

249 4511 391 4550 nunc
417 4495 597 4550 dicere
623 4495 838 4567 possis;
869 4495 919 4549 id
951 4495 1094 4550 enim
1128 4495 1298 4566 liquet
1319 4505 1432 4550 tum
1463 4511 1529 4550 ex
1569 4495 1850 4566 patientia,

247 4597 359 4642 tum
389 4603 452 4644 ex
475 4587 714 4658 praemiis
741 4606 754 4640 :
789 4601 911 4641 nam
933 4588 1166 4658 primum
1190 4589 1278 4643 ille
1307 4587 1506 4660 requiei
1531 4590 1752 4644 sortitus
1769 4596 1855 4644 est

249 4684 424 4737 locum
445 4725 459 4747 ,
509 4696 633 4737 cum
663 4681 966 4752 patriarcha
989 4683 1260 4737 Abraham
1303 4681 1601 4738 honoratus
1628 4699 1642 4747 ;
1677 4697 1853 4752 neque

249 4772 415 4827 ullum
445 4772 645 4841 majora
675 4787 888 4840 passum
922 4764 1059 4828 mala
1090 4772 1378 4841 protuleris
1403 4813 1417 4836 ,
1449 4788 1622 4843 neque
1652 4774 1722 4828 ita
1753 4772 1850 4826 de-

247 4862 456 4933 spectui
495 4861 756 4917 habitum‘.
809 4861 948 4931 Quid
976 4863 1119 4916 enim
1162 4861 1356 4918 afferre
1392 4865 1565 4934 possis
1588 4904 1604 4930 ,
1636 4863 1854 4935 quando

249 4970 320 5010 ne
346 4954 414 5010 de
442 4955 595 5009 micis
623 4954 876 5024 quidem,
929 4969 1047 5024 qua:
1096 4954 1166 5010 de
1216 4971 1402 5010 mensa
1445 4955 1743 5022 cadebant,
1794 4974 1855 5014 se

248 5047 468 5116 explere
495 5048 698 5116 potuit?
721 5046 947 5115 Quando
976 5047 1133 5117 igitur
1159 5062 1422 5102 summam
1451 5049 1852 5119 improbitatem

254 5135 452 5191 videris
483 5154 496 5192 :
525 5137 655 5215 quid
698 5139 841 5193 enim
868 5138 1141 5193 crudelius
1160 5141 1296 5206 isto,
1342 5141 1434 5210 qui
1463 5139 1606 5196 hunc
1629 5142 1681 5196 in
1710 5151 1853 5197 tanta

250 5229 554 5284 calamitate
583 5229 944 5299 praeterierit?
974 5230 1057 5285 vel
1079 5231 1206 5301 quid
1226 5230 1537 5288 afﬂuentius
1556 5233 1642 5286 illa
1664 5247 1850 5288 mensa

245 5335 372 5376 esse
401 5332 598 5391 potest,
628 5333 718 5376 aut
745 5323 985 5378 vestibus
1011 5338 1251 5378 summas
1286 5325 1505 5380 delicias
1535 5335 1590 5380 et
1617 5325 1856 5381 fortunas

244 5416 661 5472 indicantibus?
717 5434 904 5472 rursus
960 5434 1084 5472 cum
1129 5418 1328 5473 videris
1384 5435 1650 5474 summam
1698 5419 1854 5488 justi-

248 5511 410 5564 tiam:
437 5510 563 5580 quid
591 5512 733 5564 enim
758 5511 1061 5581 religiosius
1084 5511 1261 5564 anima
1285 5511 1410 5565 talia
1439 5512 1682 5582 patienti,
1716 5527 1858 5567 sum-

258 5616 476 5670 masque
533 5603 777 5658 miserias
813 5619 1077 5673 generose
1124 5603 1354 5658 ferenti?
1403 5604 1527 5673 quid
1569 5605 1714 5659 enim
1759 5605 1856 5657 mi-

256 5693 427 5749 serius
458 5693 598 5749 fame
625 5707 679 5750 et
713 5698 903 5753 morbo
934 5707 1041 5754 tam
1075 5697 1400 5754 insanabili?
1430 5713 1611 5768 quam,
1649 5713 1852 5769 quaeso,

323 5827 336 5858 ι
375 5824 523 5884 (1011).,
548 5827 738 5886 iiuiwle.

1367 362 1455 420 DE
1493 361 1679 422 FATO
1706 363 1806 421 ΕΤ
1847 360 2331 421 PROVIDENTIA.
2373 363 2462 420 ιν.

3470 363 3574 420 76‘!

1975 479 2189 536 veniam
2231 478 2580 551 impetrabis,
2630 474 2675 534 si
2723 477 2781 533 i‘n
2819 470 2942 535 aliis
2978 477 3290 535 scandalum
3320 479 3582 550 patiaris!

1974 591 2102 631 num
2151 576 2294 631 intra
2343 574 2503 645 hujus
2548 574 2667 629 vita:
2709 572 2970 630 terminos
3018 586 3110 628 res
3156 572 3582 643 circumscripta:

1973 666 2146 724 sunt?

2045 757 2126 814 De
2156 759 2332 831 futuro
2349 756 2575 829 judicio.
2593 754 2949 827 —Exspecta
2983 754 3165 821 finem,
3196 763 3253 810 et
3271 762 3402 810 tunc
3429 753 3582 809 vide-

1972 851 2056 908 bis
2077 851 2368 922 unicuique
2394 849 2691 906 secundum
2711 849 2833 905 vita:
2859 849 3111 904 meritum
3135 847 3295 903 tribui
3320 865 3334 902 :
3357 860 3430 902 ne
3453 857 3584 901 ante

1971 945 2212 1016 praemia,
2239 959 2308 1000 ne
2332 953 2458 999 ante
2485 956 2718 998 coronas
2747 940 3102 1012 perturberis.
3135 940 3268 997 Cum
3297 939 3476 1009 itaque
3501 939 3577 991 vi-

1968 1036 2115 1092 deris
2142 1037 2328 1093 ambos
2355 1036 2408 1091 in
2430 1034 2692 1106 judicium
2721 1032 2966 1105 ingredi,
2998 1041 3053 1089 et
3080 1031 3404 1087 sententiam
3427 1029 3580 1100 judi-

1968 1127 2050 1183 cis
2064 1127 2268 1194 subire,
2291 1135 2419 1182 tunc
2439 1126 2507 1182 de
2529 1135 2758 1196 utroque
2777 1135 2832 1181 et
2859 1134 2914 1180 tu
2936 1123 3199 1195 judicium
3221 1121 3420 1193 profer.
3438 1121 3580 1188 Quot

1968 1235 2114 1276 nunc
2137 1230 2301 1285 sunt,
2329 1220 2419 1290 qui
2447 1219 2548 1275 viis
2577 1217 2934 1274 insidiantur?
2957 1223 3090 1286 quot
3113 1215 3204 1286 qui
3237 1227 3422 1268 muros
3448 1211 3580 1265 επο-

1967 1311 2122 1366 diunt
2144 1353 2160 1377 ,
2191 1321 2322 1382 quot
2347 1310 2723 1366 defunctorum
2752 1323 2914 1366 areas
2937 1305 3261 1378 efﬁngunt?
3288 1314 3420 1376 quot
3446 1305 3579 1360 toris

1971 1401 2296 1457 insidiantur
2317 1402 2531 1468 alienis,
2561 1409 2688 1472 quot
2713 1399 3006 1456 mortiferis
3027 1399 3250 1454 venenis
3269 1396 3583 1466 complures

1968 1494 2356 1564 perdiderunt?
2386 1492 2645 1565 numquid
2671 1494 2724 1548 in
2752 1493 2819 1548 iis
2839 1505 3158 1548 accusamus
3178 1489 3458 1561 judicent?
3481 1488 3583 1543 Alia

1969 1586 2136 1641 nime.
2166 1585 2224 1642 Si
2253 1586 2398 1641 enim
2428 1586 2552 1641 illos
2583 1586 2636 1639 in
2662 1584 2865 1655 judicio
2891 1584 3213 1639 constitutos
3240 1581 3534 1636 dimitteret
3555 1616 3572 1646 ,

1965 1687 2160 1732 etcum
2177 1678 2267 1747 qui
2287 1677 2425 1731 mala
2449 1691 2637 1746 passus
2650 1686 2794 1734 esset
2813 1677 3094 1747 plecteret,
3107 1689 3230 1731 eum
3246 1688 3374 1730 vero
3394 1674 3482 1744 qui
3502 1673 3579 1726 in-

1967 1769 2180 1824 tulissrt
2200 1769 2491 1824 honoraret
2505 1778 2560 1823 et
2575 1779 2890 1824 coronatum
2911 1768 3228 1831 dimitteret,
3245 1780 3435 1822 revera
3457 1765 3578 1820 cul—

1967 1861 2176 1930 pandas
2187 1870 2241 1916 et
2255 1863 2631 1917 criminatione
2648 1861 2939 1917 admodum
2957 1861 3149 1931 dignus
3164 1869 3334 1915 esset:
3352 1875 3476 1914 cum
3490 1874 3578 1912 au-

1967 1960 2078 2008 tem
2101 1953 2335 2008 nondum
2360 1954 2536 2008 traditi
2559 1956 2687 2019 sint,
2714 1969 2813 2009 nec
2830 1953 3017 2023 judicii
3042 1962 3254 2022 tempus
3271 1952 3574 2018 advenerit,

1964 2043 2194 2098 necdum
2226 2045 2314 2100 ille
2345 2045 2582 2110 rationes
2610 2055 2825 2115 expetat
2845 2087 2860 2110 ,
2892 2055 2948 2100 tu
2977 2044 3323 2114 anticipando
3364 2045 3570 2099 conde-

1965 2137 2154 2190 mnas?
2181 2138 2339 2207 Atqui
2367 2139 2670 2208 oportebat,
2701 2139 2896 2208 inquit,
2921 2138 3084 2192 etiam
3111 2137 3200 2192 hic
3230 2146 3571 2208 peccatorum

1965 2241 2154 2297 pmnas
2181 2229 2334 2284 dare.
2365 2227 2539 2284 Vitam
2583 2239 2726 2284 tuam
2754 2269 2769 2296 ,
2800 2244 2834 2284 o
2864 2229 3027 2284 homo
3051 2271 3065 2294 ,
3099 2227 3372 2299 perpende
3391 2269 3407 2292 ,
3439 2237 3493 2283 et
3521 2232 3572 2282 in

1963 2320 2347 2375 conscientiam
2372 2321 2653 2392 ingredere
2683 2330 2826 2376 tuam
2843 2363 2859 2389 ,
2883 2330 2938 2376 et
2961 2320 3287 2377 sententiain
3313 2319 3570 2385 mutabis,

1961 2426 2070 2465 non
2093 2411 2355 2482 judicium
2383 2411 2511 2466 illud
2537 2412 2800 2478 laudabis,
2833 2411 2929 2467 sed
2956 2411 3170 2482 benigni
3207 2413 3300 2464 Del
3334 2411 3570 2466 toleran-

1963 2504 2090 2558 tiam
2114 2506 2459 2576 approbabis.
2490 2505 2622 2560 Nam
2653 2506 2699 2560 si
2737 2507 2804 2561 ab
2831 2520 3155 2576 unoquoque
3179 2504 3360 2559 statim
3387 2517 3416 2558 a
3447 2519 3571 2573 pec-

1962 2599 2097 2653 catis
2123 2597 2373 2653 admissis
2401 2613 2558 2668 pmna
2599 2597 2820 2653 daretur
2839 2638 2854 2664 ,
2882 2596 3086 2668 jamdiu
3118 2609 3288 2665 genus
3318 2604 3562 2650 nostrum

1960 2690 2028 2745 de
2047 2689 2224 2744 medio
2245 2689 2516 2745 sublatum
2546 2688 2756 2744 fuisset.
2778 2688 2903 2754 Quis
2920 2689 3053 2744 enim
3074 2687 3375 2758 gloriabitur
3396 2703 3450 2740 se
3471 2702 3570 2756 pu—

1960 2798 2076 2836 rum
2098 2784 2281 2836 habere
2299 2797 2408 2847 cor,
2428 2789 2516 2834 aut
2544 2780 2656 2850 quis
2679 2779 2992 2848 conﬁdenter
3017 2778 3148 2832 dicet
3177 2795 3232 2833 se
3255 2794 3442 2849 purum
3461 2793 3571 2833 esse

1959 2889 1991 2926 α
2014 2874 2232 2944 peccatis
2254 2874 2272 2944 (
2297 2871 2454 2926 Prov.
2481 2870 2576 2927 20.
2605 2871 2712 2942 9)?
2733 2870 2838 2928 Sed
2865 2871 3082 2942 quando
3111 2870 3202 2926 Dei
3227 2871 3568 2926 tolerantiam

1959 2981 2102 3037 aegre
2133 2965 2241 3020 fers
2267 3005 2282 3030 ,
2313 2972 2489 3020 tecum
2534 2972 2786 3020 accurate
2831 2972 3019 3034 reputa
3051 2979 3114 3018 ea
3153 2979 3275 3035 qua:
3302 2964 3567 3018 admisisti

1957 3057 2176 3121 delicta,
2203 3065 2256 3111 et
2282 3056 2349 3110 de
2381 3056 2638 3126 patientia
2667 3055 2758 3110 illa
2784 3056 3013 3127 gratiam
3045 3055 3292 3123 habebis,
3326 3056 3568 3110 toleran-

1960 3150 2198 3220 tiamque
2241 3149 2384 3204 illius
2430 3147 2810 3204 admiraberis.
2871 3147 3260 3216 Conturbaris,
3312 3149 3564 3220 angeris,

1957 3242 2140 3296 omnia
2170 3240 2400 3295 tumultu
2425 3240 2626 3311 reples,
2652 3241 2775 3311 quia
2805 3241 2896 3296 ille
2925 3251 3124 3312 printer
3153 3243 3403 3298 meritum
3430 3242 3568 3298 dite-

1955 3335 2078 3398 scit,
2114 3342 2169 3388 et
2195 3332 2446 3388 clientela
2479 3334 2649 3388 multa
2682 3333 2900 3390 fruitur.
2938 3335 3128 3390 Annon
3156 3335 3312 3391 audis
3341 3337 3565 3406 psalmi-

1957 3437 2094 3481 stam
2135 3427 2435 3493 dioentem,
2471 3424 2556 3482 Ne
2599 3427 2828 3482 timueris
2852 3469 2867 3491 ,
2896 3444 3011 3482 cum
3049 3427 3190 3484 diues
3219 3431 3385 3500 factus
3415 3429 3569 3500 fuerit

1957 3519 2107 3574 homo
2130 3535 2149 3574 :
2169 3521 2410 3590 quoniam
2438 3536 2550 3574 cum
2578 3520 2845 3588 interierit,
2873 3537 2976 3574 non
2996 3531 3160 3577 suntet
3188 3522 3380 3589 omnia,
3406 3539 3569 3592 neque

1957 3611 2223 3666 descendet
2247 3627 2361 3664 cum
2391 3627 2449 3665 eo
2478 3611 2644 3681 gforia
2672 3613 2782 3684 ejus
2817 3611 2836 3684 (
2862 3610 3008 3666 Psal.
3037 3611 3128 3668 48.
3164 3613 3253 3668 i7.
3290 3613 3411 3682 18).
3446 3613 3564 3668 Non

1956 3702 2108 3757 audis
2133 3701 2451 3773 prophetam
2481 3716 2672 3770 magna
2697 3715 2827 3756 voce
2853 3703 3217 3758 clamantem:
3245 3699 3425 3757 Omnis
3443 3719 3566 3756 caro

1957 3796 2147 3865 fanum
2169 3839 2182 3861 ,
2213 3805 2262 3850 et
2287 3796 2451 3851 omnis
2479 3796 2645 3867 gloria
2674 3796 2783 3866 cjus
2811 3796 2958 3865 quasi
2982 3796 3079 3866 ﬂos
3107 3795 3228 3866 {teni
3267 3800 3288 3869 (
3312 3794 3439 3849 lsai.
3470 3795 3560 3851 40.

1956 3887 2052 3959 6).
2089 3890 2284 3942 Annon
2311 3887 2464 3943 vides
2488 3901 2608 3941 cum
2640 3886 3026 3958 prophetarum
3057 3887 3291 3941 oraculis
3321 3887 3566 3940 testimo-

1957 3979 2103 4033 nium
2137 3978 2398 4034 ferentcm
2440 3993 2620 4032 rerum
2654 3977 2983 4033 veritatem?
3011 3991 3190 4033 annon
3220 3977 3373 4033 vides
3401 3992 3568 4048 expe-

1955 4071 2200 4126 rientiam
2245 4078 2300 4126 et
2339 4071 2540 4124 exitum
2585 4084 2707 4124 cum
2755 4068 2915 4123 dictis
2953 4069 3216 4124 calculum
3263 4068 3564 4135 ferentem,

1957 4164 2085 4218 Cum
2110 4163 2391 4228 interierit,
2423 4177 2524 4216 non
2569 4171 2729 4216 sumet
2775 4161 2988 4214 omnia?
3027 4161 3165 4215 Audi
3206 4159 3306 4216 Job
3333 4161 3565 4231 idipsum

1955 4255 2224 4310 dicentem
2249 4295 2266 4320 ,
2302 4252 2490 4307 Nudus
2517 4269 2742 4324 egressus
2767 4268 2880 4306 sum
2923 4255 2988 4304 de
3016 4262 3159 4305 utero
3186 4253 3363 4305 matris
3403 4268 3530 4307 mea:
3548 4293 3563 4317 ,

1956 4356 2004 4401 et
2024 4346 2192 4400 nudus
2218 4354 2440 4399 revertar
2466 4344 2587 4398 illuc
2618 4342 2768 4416 (Job.
2801 4345 2852 4398 l.
2881 4342 2948 4397 2i
2978 4340 2997 4414 )
3027 4361 3041 4397 :
3067 4344 3311 4414 quoniam
3340 4358 3454 4396 cum
3481 4344 3567 4396 in-

1956 4439 2163 4502 terierit,
2189 4455 2288 4492 non
2314 4446 2476 4491 sumet
2502 4437 2672 4491 omnia
2699 4434 2870 4508 (Psal.
2904 4435 2996 4490 48.
3021 4434 3088 4490 18
3174 4435 3308 4489 Audi
3342 4435 3565 4488 Paulum

1956 4533 2144 4588 eadem
2175 4532 2286 4602 ipsa
2330 4529 2800 4603 philosophantem
2832 4571 2846 4592 ,
2877 4526 3028 4582 Nihil
3056 4527 3321 4581 intulimus
3351 4526 3402 4580 in
3432 4526 3568 4580 hunc

1957 4627 2206 4681 mundum
2230 4667 2244 4690 ,
2276 4623 2414 4676 haud
2448 4623 2655 4676 dubium
2699 4622 2835 4692 quod
2881 4637 2972 4674 nec
3003 4624 3208 4693 auferre
3231 4620 3358 4687 quid
3386 4635 3564 4686 possu-

1958 4734 2070 4773 mus
2099 4717 2187 4790 (l.
2217 4715 2352 4769 Tim.
2379 4715 2432 4769 ϐ.
2463 4713 2555 4784 7).
2583 4711 2662 4768 Tu
2697 4728 2826 4767 vero
2854 4712 3066 4766 beatum
3102 4711 3363 4782 praedicas
3391 4709 3570 4763 immi-

1959 4825 2105 4875 nent,
2139 4811 2229 4880 qui
2259 4808 2390 4862 nihil
2419 4807 2630 4862 auferre
2661 4814 2837 4874 potest
2864 4820 3051 4860 eorum
3078 4845 3092 4869 ,
3125 4820 3245 4874 qum
3273 4803 3566 4873 expediunt

1959 4901 2034 4956 illi
2065 4911 2262 4971 prmsto
2300 4912 2420 4952 esse
2451 4899 2503 4950 in
2545 4897 2632 4951 die
2656 4895 2840 4966 judicii
2863 4937 2875 4960 ,
2907 4905 2961 4950 et
2990 4911 3110 4966 qua:
3134 4896 3308 4964 major
3333 4893 3567 4949 miseriis

1959 4992 2095 5048 ratio
2123 5002 2284 5060 atque
2313 4989 2638 5046 infelicitatis
2662 5032 2677 5053 ,
2712 4989 2799 5044 dic
2835 4987 2964 5042 mihi
2989 5030 3004 5054 ,
3032 5003 3191 5058 quam
3218 5002 3338 5041 cum
3367 4987 3411 5040 is
3435 5028 3448 5048 ,
3475 4984 3571 5054 qui

1959 5084 2012 5138 in
2041 5084 2246 5138 deliciis
2269 5083 2419 5150 vixit,
2451 5082 2574 5135 hinc
2599 5081 2710 5135 abit
2735 5095 2942 5134 summa
2973 5095 3092 5133 cum
3124 5077 3456 5148 ignominia?
3486 5076 3566 5130 Tu

1958 5192 2089 5232 vero
2117 5176 2159 5231 si
2191 5190 2512 5245 quemquam
2543 5173 2858 5244 opulentum
2902 5181 2956 5224 et
2984 5179 3323 5240 arrogantem
3362 5170 3412 5222 in
3449 5167 3570 5223 foro

1959 5269 2193 5332 videres,
2229 5267 2281 5321 in
2311 5275 2565 5320 extranea
2593 5266 2810 5336 regione
2842 5264 3011 5319 multo
3041 5261 3247 5317 honore
3278 5263 3568 5325 fruentem,

1960 5361 2207 5432 parasitis
2232 5359 2707 5428 adulatoribusque
2738 5359 3031 5426 stipatum,
3064 5355 3154 5410 ubi
3186 5365 3361 5409 autem
3393 5354 3444 5407 in
3475 5367 3572 5424 pa-

1963 5456 2116 5508 triam
2145 5454 2367 5518 rediret,
2393 5453 2521 5507 nihil
2551 5468 2733 5508 eorum
2764 5452 3072 5515 habentem,
3107 5449 3200 5504 sed
3231 5449 3454 5514 nudum,
3489 5448 3567 5502 in-

1961 5547 2210 5617 glorium,
2241 5545 2503 5600 mendicis
2541 5545 2868 5615 egentiorem
2913 5557 2974 5596 ac
3005 5542 3287 5596 viliorem:
3315 5556 3382 5594 an
3427 5540 3569 5593 hunc

1964 5639 2308 5693 aemulatione
2356 5637 2574 5708 dignum
2623 5637 2916 5692 censeres?
2965 5649 3142 5688 annon
3202 5632 3376 5702 potius
3421 5633 3570 5686 illum

1964 5732 2221 5785 miserum
2260 5741 2315 5785 et
2354 5732 2618 5785 infelicem
2666 5730 2914 5785 diceres?
2957 5729 3187 5797 ldipsum
3231 5743 3354 5796 erga
3380 5727 3573 5781 divites

1968 5821 2143 5876 facito.
2179 5825 2244 5876 At
2280 5822 2643 5892 quidamsth
2667 5865 2680 5888 ,
2716 5822 2802 5892 qui
2851 5830 3128 5892 postquam
3172 5820 3268 5876 hos
3300 5820 3368 5875 de
3400 5818 3573 5890 philo-
