4066 6442
556 366 664 422 763

562 479 752 546 sophia
771 493 1044 536 sermones
1057 480 1401 548 moverimus,
1419 495 1570 536 suum
1590 480 1963 552 bircorumque
1982 479 2148 535 instar

553 569 827 624 abdomini
856 568 1086 635 addicti,
1118 569 1382 641 rebusque
1433 571 1788 640 prtesentibus
1828 571 2145 639 servientes,

561 660 694 714 nihil
728 669 844 730 post
870 659 1150 717 decessum
1181 676 1461 732 superesse
1502 663 1830 720 arbitrantur
1856 681 1871 718 :
1903 665 1993 720 alii
2019 679 2147 720 vero

559 765 841 820 superesse
865 752 1080 822 quidem
1107 753 1280 824 aliqua
1305 762 1509 824 putant,
1535 756 1631 812 sed
1658 755 1937 827 praesentia
1957 755 2148 814 futuris

564 850 914 910 anteponunt.
955 841 1148 898 Contra
1189 858 1285 899 eos
1323 853 1538 911 autem,
1571 847 1660 918 qui
1700 847 1830 901 nihil
1862 862 2146 917 superesse

557 937 764 1000 putant,
781 931 873 987 sed
895 933 1206 989 exstinctam
1227 936 1460 990 animam
1478 938 1676 992 nullam
1692 937 2016 994 reddituram
2027 953 2148 996 esse

554 1021 816 1076 rationem
839 1064 854 1087 ,
883 1038 982 1079 nec
1027 1039 1236 1093 pmnam
1285 1027 1580 1082 subituram
1621 1043 1741 1084 esse
1778 1028 2142 1096 arbitrantur,

555 1120 739 1180 utpote
759 1121 943 1168 contra
969 1114 1186 1170 insanos
1203 1124 1257 1170 et
1275 1114 1523 1183 furiosos,
1542 1117 1825 1174 ridiculum
1848 1118 1984 1175 forte
2003 1129 2146 1176 esset

553 1200 756 1257 dicere.
787 1203 970 1274 Neque
996 1208 1138 1260 enim
1184 1206 1230 1261 si
1260 1207 1380 1275 quis
1409 1207 1461 1262 in
1505 1209 1595 1265 die
1630 1209 1834 1266 dubitet
1877 1227 2000 1265 num
2029 1210 2145 1265 dies

557 1292 663 1356 sit,
696 1300 749 1348 et
775 1293 845 1349 de
871 1295 1119 1350 omnibus
1143 1312 1262 1366 qua:
1293 1297 1346 1352 in
1371 1298 1620 1355 confesso
1649 1301 2142 1371 suntquatstionem

558 1393 790 1451 moveat,
821 1400 851 1441 e
876 1401 936 1442 re
965 1387 1124 1442 fuerit
1162 1387 1239 1444 illi
1270 1391 1448 1446 verbis
1475 1391 1816 1462 persuadere,
1848 1400 1902 1450 et
1930 1408 2051 1449 eum
2076 1395 2143 1450 ad

556 1475 874 1530 sententiam
903 1476 1190 1534 adducere.
1219 1479 1465 1536 Attamen
1503 1481 1740 1538 caritatis
1767 1493 1957 1539 vestra:
1981 1500 2142 1542 causa

555 1578 678 1618 cum
705 1564 798 1621 illo
821 1581 1033 1637 quoque
1057 1567 1446 1637 disputabimus
1468 1612 1484 1639 ,
1510 1573 1958 1643 quemadmodum
1988 1577 2143 1632 nobis

557 1655 650 1711 Dei
673 1657 842 1727 gratia
876 1658 1101 1714 dederit.
1129 1658 1268 1728 Quid
1296 1661 1460 1729 dicis,
1488 1662 1669 1730 homo,
1698 1664 1827 1720 nihil
1856 1675 1978 1736 post
2005 1667 2143 1725 hanc

552 1746 716 1800 vitam
730 1761 849 1802 esse
870 1748 1058 1817 putas?
1081 1749 1134 1804 Id
1152 1752 1290 1805 enim
1313 1767 1535 1810 necesse
1553 1763 1636 1809 est
1653 1754 1856 1824 dicere,
1873 1759 2144 1833 quomodo

555 1850 654 1892 ceu
685 1838 944 1894 malorum
987 1841 1335 1910 quorumdam
1374 1845 1628 1914 gradibus
1649 1887 1666 1913 ,
1697 1862 1819 1903 eum
1845 1848 1935 1919 qui
1975 1849 2141 1906 semel

551 1941 582 1980 a
606 1930 844 1984 veritatis
865 1931 1075 1987 tramite
1094 1932 1334 2003 dejt-ctus
1361 1934 1540 2004 fuerit,
1569 1937 1624 1992 in
1647 1936 1968 1995 deteriorem
1996 1954 2144 1996 sem-

558 2034 658 2089 per
683 2023 1002 2078 sententiam
1031 2023 1246 2094 projicit
1267 2025 1529 2085 diabolus.
1559 2028 1936 2087 Animadverte
1957 2032 2100 2087 enim
2124 2049 2139 2087 :

558 2112 824 2180 persuasit
853 2117 1277 2186 temperantiam,
1300 2119 1603 2189 arquitatem
1628 2131 1957 2195 ceterasque
1979 2125 2146 2181 virtu.

555 2209 638 2256 tes
660 2203 948 2274 negligere,
971 2206 1212 2274 improbe
1234 2209 1413 2265 vivere
1437 2208 1582 2278 fecit,
1602 2226 1666 2267 ac
1692 2211 1761 2268 de
1790 2215 1997 2285 reliquo
2024 2217 2144 2272 illos

553 2306 732 2361 pravae
768 2295 1109 2350 conscientiae
1154 2297 1474 2364 assuefecit,
1515 2300 1765 2372 ipsosque
1807 2303 2054 2374 induxit,
2085 2315 2144 2362 ut

555 2397 779 2438 suorum
820 2383 1116 2441 facinorum
1143 2403 1356 2457 poenam
1387 2389 1440 2444 in
1471 2390 1605 2445 alios
1636 2391 1927 2449 transferre
1954 2396 2142 2451 stude-

554 2483 697 2541 rent,
727 2488 849 2529 cum
874 2477 1197 2546 oportuisset
1225 2494 1256 2534 a
1283 2480 1516 2548 nequitia
1545 2481 1820 2539 recedere.
1848 2485 1916 2538 At
1939 2484 2015 2540 illi
2040 2487 2143 2542 hoc

552 2565 774 2621 minime
804 2567 1075 2633 fecerunt;
1116 2569 1210 2625 sed
1253 2570 1554 2640 improbum
1585 2573 1775 2643 dogma
1801 2616 1816 2642 ,
1848 2576 2144 2632 innumeris

551 2664 768 2711 scatens
798 2657 974 2724 malis,
1001 2662 1289 2715 commenti
1329 2671 1490 2728 sunt,
1524 2661 1616 2717 fati
1647 2664 1912 2720 videlicet.
1939 2666 2144 2723 Deinde

551 2745 606 2799 in
653 2744 757 2800 hoc
793 2745 1050 2802 confutati
1095 2758 1150 2803 et
1189 2750 1345 2805 fateri
1389 2753 1604 2808 tandem
1648 2755 1816 2809 coacti
1859 2759 2142 2826 prmsentia

552 2835 682 2891 nihil
711 2851 853 2904 esse,
885 2837 1056 2894 futura
1087 2840 1420 2910 subvertant,
1451 2857 1506 2900 et
1527 2847 1840 2902 sententiam
1865 2847 1930 2903 de
1960 2863 2143 2906 resur-

551 2929 791 2984 rectione
821 2929 1032 2984 tollunt.
1060 2930 1130 2986 Et
1160 2933 1206 2987 si
1237 2933 1355 2988 illos
1385 2933 1436 2988 in
1467 2934 1570 2991 hoc
1593 2939 1754 2992 etiam
1781 2937 2138 3007 confutemus,

551 3020 607 3074 in
642 3021 802 3075 aliam
847 3022 1062 3092 impiam
1105 3023 1401 3080 doctrinam
1443 3026 1744 3083 decidunt:
1787 3046 1885 3086 nos
1924 3031 2142 3088 interim

549 3113 694 3183 quod
731 3114 788 3168 in
826 3115 1069 3171 manibus
1104 3126 1191 3172 est
1230 3117 1586 3175 confutemus.
1615 3120 1829 3177 Nihilne
1857 3133 1976 3192 post
2005 3123 2144 3180 hanc

551 3207 711 3260 vitam
743 3207 866 3274 erit,
893 3221 927 3262 o
953 3206 1131 3274 homo,
1167 3217 1222 3264 et
1249 3218 1305 3264 tu
1332 3209 1469 3266 hanc
1489 3213 1807 3268 sententiam
1831 3215 2145 3284 oppugnas?

550 3295 724 3352 Graeci
754 3298 845 3366 qui
873 3305 951 3352 tot
978 3297 1032 3352 in
1076 3299 1238 3355 rebus
1275 3301 1569 3357 delirarunt
1593 3342 1610 3369 ,
1642 3302 1802 3373 hujus
1839 3312 2014 3360 tamen
2040 3306 2141 3361 do-

525 3388 740 3456 gmatis
767 3388 974 3443 veritati
998 3404 1104 3446 non
1135 3391 1463 3446 restiterunt.
1494 3393 1643 3461 Quod
1664 3394 1709 3448 si
1737 3395 1853 3450 illos
1879 3395 2140 3466 sequaris,

550 3479 784 3549 aliquam
811 3489 959 3534 certe
987 3480 1062 3535 illi
1088 3481 1250 3537 vitam
1282 3492 1404 3553 post
1431 3483 1569 3539 hanc
1589 3499 1709 3540 esse
1733 3495 2140 3555 concesserunt,

550 3581 607 3627 et
625 3573 861 3627 rationes
884 3572 1206 3639 reddendas,
1230 3584 1286 3630 et
1305 3575 1505 3645 judicia
1532 3578 1671 3647 apud
1694 3578 1917 3646 inferos,
1947 3589 2003 3636 et
2024 3596 2144 3652 sup-

550 3662 730 3730 plicia,
761 3662 1012 3730 honores,
1037 3664 1270 3720 calculos
1298 3675 1456 3736 atque
1479 3666 1699 3737 judicia.
1731 3669 1785 3724 Si
1815 3669 2030 3727 Judzcos
2056 3673 2144 3727 in-

553 3763 793 3823 terroges
815 3794 831 3820 ,
860 3763 952 3808 aut
980 3755 1257 3811 hatreticos
1277 3797 1294 3822 ,
1317 3758 1363 3812 si
1400 3759 1642 3828 quemvis
1669 3759 1963 3827 hominem,
1991 3779 2144 3820 reve-

552 3843 758 3899 rebitur
789 3845 880 3900 ille
923 3846 1081 3916 hujus
1118 3847 1382 3919 dogmatis
1409 3851 1735 3907 veritatem":
1766 3862 1822 3909 et
1866 3855 1910 3910 si
1942 3856 1994 3910 in
2022 3856 2142 3913 aliis

549 3932 798 3989 differant
817 3937 1059 3993 homines
1075 3937 1171 4002 illi,
1193 3938 1246 3994 in
1270 3939 1371 3994 hoc
1396 3949 1572 3997 tamen
1593 3957 1782 3998 omnes
1797 3946 2140 4017 conveniunt,

550 4032 606 4078 et
625 4023 829 4089 dicunt,
852 4039 1039 4080 eorum
1067 4042 1187 4097 qute
1209 4027 1297 4083 hic
1316 4036 1463 4098 gesta
1491 4041 1618 4087 sunt
1635 4033 1900 4088 rationem
1927 4035 1997 4090 ibi
2019 4036 2144 4092 red-

551 4114 782 4169 dendam
805 4129 947 4172 esse.
979 4117 1052 4171 At
1076 4126 1130 4172 tu
1156 4119 1284 4173 nulli
1314 4119 1504 4174 horum
1528 4121 1902 4192 obtemperare
1921 4125 2022 4192 vis,
2045 4127 2142 4181 sed

551 4205 718 4259 semel
747 4205 918 4260 errori
944 4205 1164 4262 deditus
1193 4206 1534 4277 impudenter
1555 4211 1692 4280 agis.
1721 4210 1904 4282 Itaque
1924 4223 2145 4285 propter

550 4311 677 4360 eos,
707 4297 799 4366 qui
827 4296 1118 4352 etiamnum
1168 4299 1414 4369 sapiunt,
1448 4298 1549 4356 hac
1584 4299 1654 4356 de
1693 4316 1756 4356 re
1783 4315 1962 4358 sermo
1986 4303 2142 4360 insti-

553 4385 780 4441 tuendus
804 4393 905 4442 est.
928 4387 1062 4442 Eum
1087 4388 1230 4444 enim
1261 4391 1349 4460 qui
1374 4390 1507 4445 nihil
1533 4399 1654 4461 post
1678 4389 1818 4447 hanc
1836 4393 1999 4448 vitam
2021 4408 2142 4451 esse

553 4477 884 4548 profiteatur,
909 4494 1083 4550 neque
1108 4481 1270 4536 Deum
1295 4483 1456 4538 etiam
1479 4498 1599 4540 esse
1618 4483 1773 4539 fateri
1793 4501 2015 4543 necesse
2034 4497 2136 4544 est.

556 4567 758 4634 Viden,
790 4569 1239 4638 quemadmodum
1264 4572 1372 4628 dixi
1398 4615 1414 4638 ,
1443 4585 1833 4645 consequentes
1860 4579 2140 4648 opiniones

551 4658 818 4726 prioribus
842 4673 1056 4730 semper
1075 4661 1371 4718 deteriores
1394 4663 1655 4734 gradatim
1680 4667 1749 4722 ab
1774 4667 1877 4722 illis
1895 4668 2140 4724 admitti?

549 4751 608 4806 Si
635 4751 778 4806 enim
808 4761 927 4820 post
953 4753 1093 4809 hanc
1115 4755 1274 4809 vitam
1301 4755 1432 4810 nihil
1464 4757 1572 4814 illic
1601 4759 1872 4814 residuum
1903 4769 2008 4829 est,
2039 4777 2140 4819 nec

551 4842 696 4898 Deus
716 4844 878 4899 etiam
903 4854 1004 4900 est.
1025 4844 1160 4901 Nam
1191 4848 1234 4902 si
1264 4847 1407 4903 Deus
1430 4850 1518 4916 sit,
1541 4849 1717 4920 justus
1737 4859 1848 4918 est;
1873 4853 1916 4907 si
1938 4853 2136 4924 justus,

552 4934 840 5004 unicuique
877 4952 975 5006 pro
1019 4939 1212 4993 merito
1250 4939 1517 4996 retribuit.
1549 4940 1606 4996 Si
1647 4955 1812 5012 porro
1856 4943 1989 5000 nihil
2019 4953 2141 5014 post

550 5024 690 5078 hanc
716 5027 876 5080 vitam
900 5036 1002 5094 est,
1031 5027 1244 5084 ubinam
1279 5045 1377 5100 pro
1404 5031 1596 5086 merito
1619 5033 1844 5103 quisque
1871 5035 2137 5104 recipiet?

550 5117 963 5175 Animadvertas
990 5121 1146 5176 velim
1181 5139 1195 5174 :
1223 5121 1379 5178 multi
1410 5134 1604 5193 prmter
1628 5127 1876 5180 meritum
1901 5167 1916 5192 ,
1952 5138 2008 5181 ut
2035 5127 2137 5198 ipsi

543 5207 654 5277 jam
676 5209 906 5266 confessi
933 5221 1074 5278 sum,
1095 5211 1252 5268 bonis
1278 5214 1674 5286 honoribusque
1698 5216 1944 5273 fruuntur
1963 5219 2016 5274 in
2038 5218 2137 5275 hac

546 5301 687 5366 vita;
718 5301 809 5356 alii
840 5317 969 5358 vero
993 5343 1007 5368 ,
1037 5305 1124 5373 qui
1151 5306 1203 5360 in
1226 5305 1434 5374 justitia
1461 5315 1687 5377 vivunt,
1720 5313 2045 5368 cruciantur.
2077 5313 2135 5368 Si

549 5408 678 5464 ergo
707 5395 909 5449 nullum
941 5396 1008 5450 sit
1033 5407 1217 5467 postea
1255 5409 1498 5472 tempus,
1533 5401 1713 5472 inique
1739 5407 1941 5473 accepti
1963 5405 2132 5472 justi,

549 5496 746 5552 praeter
771 5487 1024 5541 meritum
1053 5488 1190 5545 bene
1220 5490 1386 5546 habiti
1421 5491 1604 5561 injusti
1629 5492 1927 5549 discedent.
1957 5494 2014 5550 Si
2042 5511 2138 5551 au-

550 5585 656 5628 tem
685 5591 771 5632 res
808 5577 878 5631 ita
909 5593 968 5633 se
1000 5579 1191 5635 habeat
1214 5623 1230 5648 ,
1257 5582 1526 5653 quomodo
1554 5597 1674 5638 esse
1699 5583 1903 5653 justitia
1932 5587 2136 5655 possit?

547 5665 782 5722 Necesse
808 5671 949 5723 enim
978 5677 1057 5725 est
1084 5713 1099 5737 ,
1131 5686 1253 5727 esse
1275 5674 1489 5745 aliquod
1518 5683 1726 5744 tempus
1753 5685 1874 5744 post
1902 5675 2039 5730 hanc
2057 5677 2144 5731 vi-

551 5765 680 5827 tam,
703 5757 758 5816 in
776 5774 883 5830 quo
908 5759 1132 5832 singulis
1165 5777 1264 5834 pro
1286 5764 1477 5822 merito
1500 5765 1760 5823 tribuatur
1785 5781 1798 5819 :
1825 5766 1876 5824 in
1905 5766 2002 5822 hac
2025 5767 2131 5824 vita

1351 366 1411 425 8.
1449 365 1728 425 JOANNIS
1764 360 2244 425 CHRYSOSTOMI
2281 361 2600 421 ARClIlEP.
2639 359 3168 419 CONSTANTINOP.

3747 365 3852 421 76

2261 474 2412 530 enim
2433 472 2534 530 hoc
2559 488 2665 530 non
2693 472 2978 530 invenitur.
3003 472 3098 528 Sin
3124 472 3228 529 tale
3247 481 3458 545 tempus
3481 489 3586 532 non
3610 478 3701 542 sit,
3719 493 3857 547 quo-

2255 564 2418 621 modo
2442 566 2672 636 quisque
2697 579 2792 634 pro
2817 565 3008 621 merito
3031 564 3296 636 recipiet?
3320 565 3366 621 si
3393 582 3521 622 vero
3545 568 3727 623 nullus
3755 585 3854 637 pro

2256 659 2448 712 merito
2468 657 2676 728 recipit,
2699 673 2830 728 ergo
2853 657 2992 713 Deus
3016 657 3311 713 secundum
3333 667 3386 714 te
3402 658 3582 730 justus
3601 675 3713 715 non
3732 673 3848 728 est;

2256 749 2300 804 si
2329 748 2470 804 Deus
2488 748 2666 819 justus
2690 763 2798 803 non
2823 757 2926 816 est,
2950 764 3124 818 neque
3153 749 3296 804 Deus
3323 757 3425 805 est.
3454 749 3561 806 Sed
3591 750 3849 820 blasplte~

2254 840 2363 895 mia
2391 842 2443 894 in
2470 850 2627 909 caput
2648 854 2858 906 eorum,
2886 841 2973 909 qui
3005 855 3104 894 nos
3128 840 3196 894 ad
3225 839 3341 895 hare
3369 841 3598 897 dicenda
3626 857 3846 912 compu-

2254 931 2448 996 lerunt,
2475 938 2867 1000 retorqueatur.
2891 929 3081 986 Videte
3104 931 3156 985 in
3178 939 3432 1000 quantam
3453 932 3849 1004 blasphemiam

2252 1021 2424 1076 oratio
2450 1030 2699 1090 provecta
2740 1022 2829 1076 sit.
2863 1021 3058 1076 Verum
3102 1021 3244 1092 quod
3289 1023 3431 1080 Deus
3469 1024 3575 1092 sit,
3603 1041 3694 1081 res
3721 1027 3852 1095 ipsa:

2252 1113 2525 1167 clamant:
2557 1122 2614 1168 et
2655 1122 3048 1185 consequenter
3088 1115 3177 1169 ille
3217 1114 3396 1184 justus
3432 1125 3556 1171 est:
3587 1117 3634 1171 si
3669 1119 3854 1187 justus

2252 1202 2322 1257 sit
2344 1242 2362 1269 ,
2393 1203 2678 1273 unicuique
2707 1218 2803 1273 pro
2839 1203 3030 1259 merito
3056 1205 3307 1259 retribuit
3334 1222 3346 1257 :
3370 1205 3416 1260 si
3441 1206 3729 1277 unicuique
3751 1224 3852 1278 pro

2251 1294 2445 1349 merito
2467 1296 2736 1362 retribuit,
2763 1311 2985 1352 necesse
3007 1304 3091 1352 est
3118 1307 3238 1366 post
3263 1297 3379 1352 haec
3404 1298 3548 1353 aliud
3573 1298 3849 1370 quoddam

2251 1399 2371 1440 esse
2400 1394 2631 1456 tempus,
2658 1401 2764 1457 quo
2784 1387 3151 1457 unusquisque
3180 1404 3276 1458 pro
3301 1389 3493 1445 merito
3515 1391 3772 1462 accipiet,
3797 1403 3851 1447 et

2251 1489 2350 1544 pro
2370 1477 2533 1545 chtis
2558 1477 2670 1531 suis
2693 1477 2777 1532 vel
2806 1492 2991 1546 poenas
3015 1477 3184 1544 dabit,
3208 1478 3292 1534 vel
3320 1480 3599 1548 premium
3620 1483 3852 1553 accipiet

2252 1563 2416 1639 (Gen.
2447 1567 2500 1621 4.
2534 1566 2626 1638 7).
2659 1567 2837 1623 Sobrii
2874 1567 3042 1623 simus
3065 1610 3082 1634 ,
3113 1568 3295 1624 dilecti
3327 1589 3341 1621 :
3371 1571 3586 1640 quidam
3617 1573 3671 1627 in
3695 1573 3852 1642 igno-

2249 1656 2423 1711 rantia
2459 1657 2551 1712 Dei
2583 1665 2896 1724 versnntur,
2933 1671 3033 1713 nos
3060 1673 3193 1714 vero
3224 1659 3390 1715 sobrii
3422 1662 3622 1728 simus,
3654 1664 3850 1735 vigile-

2249 1759 2389 1800 mus.
2432 1745 2692 1813 Peecasti,
2716 1762 2785 1802 ne
2816 1747 2982 1802 addas
3025 1748 3215 1804 iterum
3249 1767 3264 1804 :
3297 1753 3550 1819 peccasti,
3577 1753 3802 1823 quiesce
3829 1771 3843 1807 :

2249 1840 2521 1908 peccasti,
2555 1854 2624 1896 ne
2652 1850 2940 1896 connectas
2977 1841 3061 1897 bis
3106 1852 3346 1912 peccata.
3385 1837 3498 1901 Nos
3524 1863 3656 1903 vero
3683 1849 3850 1920 tripla

2252 1939 2304 1986 et
2339 1931 2634 2003 quadrupla
2676 1935 3047 1989 connectimus
3070 1976 3086 2000 ,
3121 1935 3302 1990 talium
3331 1937 3646 2007 opinionum
3677 1955 3850 1997 onere

2249 2023 2520 2080 mentibus
2549 2025 2748 2080 nostris
2785 2025 3056 2096 imposito.
3088 2026 3327 2083 Peceasti
3353 2070 3368 2095 ,
3398 2044 3632 2100 agnosce
3659 2031 3850 2086 Domi-

2249 2129 2377 2170 num
2418 2116 2819 2173 misericordem
2844 2159 2862 2184 ,
2896 2118 3184 2189 benignum
3208 2159 3224 2183 ,
3266 2120 3464 2175 bonum
3485 2163 3500 2187 ,
3533 2123 3810 2179 medicum
3831 2167 3851 2193 ,

2249 2203 2668 2274 condonantem,
2697 2206 3046 2274 exorabilem,
3075 2208 3414 2278 placabilem.
3436 2210 3630 2266 Annon
3650 2213 3854 2268 audisti

2246 2294 2392 2365 quod
2426 2295 2613 2352 decem
2655 2296 2822 2352 millia
2867 2298 3066 2353 talenta
3111 2298 3324 2369 quidam
3368 2313 3509 2381 cum.
3529 2299 3854 2357 devorasset

2255 2384 2476 2453 (Matth.
2511 2386 2597 2442 18.
2634 2386 2761 2458 is),
2792 2397 2845 2442 et
2888 2387 3077 2443 herilia
3124 2389 3306 2445 omnia
3346 2391 3487 2445 bona
3519 2392 3854 2460 perdidisset

2247 2491 2312 2531 ac
2331 2476 2717 2547 dissipavisset,
2741 2493 2862 2534 cum
2885 2487 3103 2549 paratus
3123 2491 3264 2535 esset
3284 2480 3351 2535 ad
3375 2483 3657 2538 mulierem
3684 2483 3855 2539 filios-

2248 2585 2353 2641 que
2377 2570 2709 2636 veudendos,
2739 2580 2801 2625 ut
2823 2570 2971 2626 evit
2999 2572 3196 2638 solum,
3229 2580 3286 2625 ut
3316 2572 3480 2642 pedes
3509 2571 3625 2628 heri
3653 2575 3850 2646 attigit,

2249 2662 2486 2716 universi
2513 2661 2654 2716 illius
2680 2661 2846 2716 debiti
2887 2661 3261 2717 remissionem
3290 2663 3536 2718 invenit?
3575 2664 3670 2720 Sin
3699 2665 3852 2720 dicas

2247 2752 2397 2807 illum
2429 2762 2610 2822 postea
2641 2751 2933 2807 tortoribus
2959 2752 3213 2807 traditum
3248 2769 3262 2806 :
3295 2763 3494 2808 norunt
3519 2769 3742 2809 causam
3776 2757 3850 2822 ii,

2246 2846 2334 2914 qui
2365 2844 2643 2899 historiam
2684 2845 2862 2900 sciunt
2888 2861 2903 2898 :
2933 2845 3077 2900 aliud
3119 2845 3250 2900 mihi
3281 2861 3468 2902 narras
3497 2847 3852 2906 humanitatis

2247 2945 2642 3006 argumentum.
2665 2935 2799 2990 Nam
2827 2945 2882 2992 et
2906 2945 3033 2994 tunc
3058 2937 3206 2991 illum
3237 2939 3522 2994 miseratus
3543 2941 3772 3005 dimisit,
3797 2949 3852 2996 et

2247 3041 2434 3082 rursus
2453 3027 2615 3082 alium
2642 3027 2930 3082 miseratus
2955 3043 3075 3082 eum
3105 3027 3157 3082 in
3185 3042 3456 3083 carcerem
3479 3030 3854 3101 conjecitzsic-

2248 3131 2309 3176 ut
2366 3118 2491 3173 huic
2530 3128 2655 3174 tunc
2679 3133 2836 3188 opem
2877 3119 3029 3185 tulit,
3059 3119 3132 3174 ita
3163 3134 3305 3174 nunc
3335 3120 3412 3174 illi
3441 3121 3684 3177 subsidio
3710 3121 3850 3191 fuit;

2250 3205 2391 3262 hunc
2421 3209 2491 3263 ita
2520 3209 2759 3277 accepit,
2789 3217 2847 3262 ut
2874 3208 3112 3265 erudiret
3141 3225 3210 3264 ne
3245 3209 3479 3266 crudelis
3501 3221 3558 3267 et
3583 3212 3843 3268 inhuma-

2249 3314 2351 3353 nus
2377 3308 2549 3364 esset;
2582 3299 2731 3352 illum
2761 3313 2888 3353 vero
2908 3339 2923 3364 ,
2961 3298 3022 3353 ut
3048 3314 3080 3354 a
3104 3299 3155 3353 vi
3181 3309 3236 3354 et
3264 3299 3599 3356 immanitate
3626 3303 3852 3357 alterius

2248 3388 2523 3444 liberaret.
2558 3388 2776 3454 Videte,
2807 3389 3030 3444 dilecti:
3057 3389 3197 3445 bene
3234 3389 3365 3444 mihi
3397 3391 3537 3445 inter
3558 3392 3850 3455 dicendum

2249 3481 2395 3537 venit
2421 3481 2473 3535 in
2505 3488 2739 3536 mentem
2775 3479 2894 3534 haac
2920 3479 3174 3550 cogitatio
3205 3498 3220 3536 :
3250 3482 3521 3551 quomodo
3553 3497 3658 3537 non
3687 3483 3854 3538 modo

2247 3571 2514 3643 cupiditas
2539 3571 2734 3638 alieni,
2765 3579 2821 3626 et
2848 3572 3112 3628 bonorum
3139 3571 3372 3642 direptio
3396 3612 3411 3638 ,
3458 3588 3647 3628 verum
3678 3575 3851 3630 etiam

2249 3662 2635 3718 misericordiae
2666 3662 2910 3716 defectus
2934 3703 2950 3729 ,
2995 3661 3294 3732 gehennam
3334 3662 3492 3717 nobis
3529 3663 3723 3732 pariat.
3753 3663 3854 3719 Hic

2243 3753 2445 3822 quippe
2465 3793 2480 3818 ,
2524 3767 2631 3806 non
2657 3751 2798 3821 quod
2824 3753 2998 3808 aliena
3026 3752 3224 3821 injuste
3251 3752 3549 3821 rapuisset,
3579 3752 3680 3808 sed
3699 3753 3852 3822 quod

2247 3859 2340 3898 sua
2369 3844 2659 3898 inhumane
2684 3851 2973 3913 repeteret,
3007 3843 3298 3899 tortoribus
3326 3844 3551 3899 traditus
3577 3854 3682 3900 est.
3709 3845 3853 3902 Nam

2247 3935 2472 4000 dicitur,
2506 3934 2656 3988 illum
2694 3934 2976 4000 debuisse;
3009 3949 3198 3990 verum
3224 3935 3434 3990 etiamsi
3464 3934 3556 3990 ille
3579 3935 3850 4006 deberet,

2250 4035 2301 4081 et
2333 4035 2386 4080 tu
2411 4040 2624 4096 quoque
2645 4024 2786 4079 idem
2816 4025 2988 4094 ipsum
3018 4025 3283 4091 debebas,
3311 4035 3367 4080 et
3399 4025 3590 4081 eadem
3618 4027 3850 4096 aequitas

2249 4121 2302 4174 in
2333 4119 2569 4188 utrisque
2596 4117 2857 4173 servanda
2883 4126 3019 4173 erat.
3048 4117 3174 4172 Ideo
3200 4117 3403 4173 dimisit
3434 4117 3564 4185 tibi,
3599 4129 3658 4173 ut
3689 4133 3850 4176 suam

2248 4209 2344 4263 tibi
2382 4208 2690 4264 ostenderet
2728 4209 3110 4279 benignitatem
3133 4249 3150 4276 ,
3187 4217 3345 4278 teque
3372 4209 3664 4265 Dominice
3694 4226 3852 4266 man-

2248 4299 2548 4355 suetudinis
2563 4297 2930 4354 aemulatorem
2953 4298 3223 4354 redderet.
3255 4298 3518 4364 Quoniam
3550 4314 3681 4355 vero
3705 4300 3849 4358 bene

2247 4400 2518 4462 acceptus,
2548 4405 2659 4446 non
2687 4390 2879 4445 melior
2900 4389 3122 4446 effectus
3152 4405 3233 4458 es,
3259 4389 3432 4445 altero
3461 4397 3516 4445 te
3541 4391 3706 4446 modo
3725 4406 3850 4448 coro

2247 4482 2392 4552 vigit,
2419 4480 2682 4550 supplicio
2711 4479 2918 4534 scilicet
2942 4485 3105 4548 atque
3125 4478 3399 4535 cruciatu:
3426 4479 3606 4549 itaque
3629 4487 3689 4535 et
3711 4480 3845 4537 illud

2246 4571 2489 4627 beneficii
2519 4571 2760 4642 quaedam
2788 4571 2998 4641 species
3017 4578 3120 4626 est.
3153 4570 3393 4625 Tradidit
3418 4572 3716 4627 tortoribus
3738 4615 3753 4636 ,
3791 4584 3848 4628 ut

2245 4678 2346 4719 ceu
2370 4664 2607 4719 medicus
2633 4663 2870 4733 Optimus
2897 4662 3190 4732 nequitiam
3231 4661 3394 4717 animi
3432 4663 3663 4720 tolleret.
3709 4663 3843 4719 Leni

2245 4754 2524 4810 medicina:
2554 4769 2659 4809 non
2702 4767 2983 4817 cesseras,
3021 4751 3163 4809 ferro
3193 4753 3288 4807 tibi
3325 4753 3580 4822 deinceps
3619 4763 3675 4808 et
3721 4754 3846 4825 igne

2245 4862 2384 4917 opus
2416 4855 2517 4902 est.
2549 4846 2707 4902 Novit
2733 4845 2822 4901 ille
2850 4847 2940 4915 qni
2968 4847 3154 4902 decem
3179 4846 3342 4900 millia
3373 4846 3570 4901 talenta
3602 4847 3842 4915 dimisit,

2247 4945 2300 4992 te
2324 4936 2592 4993 crudelem
2636 4945 2692 4992 et
2731 4934 3080 4990 inhumanum
3108 4948 3264 5001 esse;
3296 4934 3392 4989 sed
3418 4937 3753 5006 exspectavit
3786 4948 3844 4992 ut

2245 5045 2313 5084 ex
2341 5044 2518 5084 rerum
2551 5035 2746 5082 eventu
2774 5039 2895 5081 sese
2933 5025 3072 5095 apud
3111 5035 3163 5081 te
3193 5041 3422 5096 purgare
3451 5036 3663 5096 posset,
3694 5029 3839 5099 quod

2244 5123 2560 5195 plerumque
2581 5120 2741 5187 facit,
2769 5120 2894 5174 licet
2928 5121 3062 5174 sciat
3083 5132 3142 5173 se
3167 5119 3310 5190 juste
3338 5133 3518 5189 agere.
3546 5118 3841 5189 Postquam

2245 5231 2367 5273 sese
2405 5215 2544 5286 apud
2580 5224 2634 5270 te
2670 5212 2948 5285 purgavit,
2983 5212 3084 5266 hoc
3108 5211 3269 5278 facit,
3316 5210 3461 5281 quod
3488 5221 3544 5266 et
3570 5227 3696 5281 erga
3744 5214 3842 5268 So-

2243 5310 2473 5366 domitas
2512 5308 2783 5364 faciebat:
2816 5323 2925 5362 non
2969 5307 3147 5360 statim
3184 5304 3366 5374 injecit
3411 5306 3620 5375 ignem,
3663 5321 3838 5376 neque

2242 5403 2405 5458 urbes
2431 5401 2550 5455 illas
2573 5400 2802 5455 vastavit
2829 5416 2844 5454 :
2874 5399 2969 5454 sed
2991 5399 3156 5468 quid?
3188 5396 3394 5452 Clamor
3422 5396 3768 5450 Sodomorum
3791 5406 3838 5450 et

2247 5492 2649 5548 Comen/torum
2677 5491 2831 5562 (Gen.
2866 5490 2954 5545 18.
2981 5490 3111 5558 20);
3140 5503 3311 5559 neque
3338 5487 3391 5542 id
3423 5497 3629 5543 tantum
3651 5531 3666 5554 ,
3695 5488 3788 5544 sed
3815 5531 3830 5554 ,

2243 5584 2568 5639 Descendens
2604 5584 2781 5637 videbo
2833 5581 2938 5654 (Ib.
2968 5598 3017 5636 .
3045 5579 3158 5652 2|).
3199 5581 3383 5648 Neque
3431 5580 3520 5634 hic
3556 5581 3827 5644 constitit,

2240 5673 2336 5728 sed
2376 5674 2514 5728 misit
2545 5675 2786 5745 angelos,
2819 5672 2908 5744 qui
2940 5671 3031 5726 tibi
3064 5671 3354 5726 incolarum
3383 5670 3614 5726 civitatis
3639 5671 3826 5740 nequi-

2245 5767 2370 5823 tiam
2416 5767 2794 5833 ostenderent,
2841 5773 2900 5821 ut
2926 5779 2996 5822 ne
3022 5763 3238 5837 quidem
3270 5762 3657 5837 impudentiam
3685 5759 3827 5836 quis-
