4066 6430
229 585 409 641 Τοῦτο
457 583 550 637 καὶ
594 579 688 634 ἐπὶ
727 577 836 632 τῶν
881 572 1262 630 πλουτούντων
1311 569 1476 623 ποίει.
1527 567 1670 621 Ἀλλ’
1715 563 1824 617 είσί

228 685 400 731 τινες,
431 665 482 719 οῖ
510 663 730 718 ἐπειδάν
753 660 977 722 τούτους
1001 657 1101 728 τῆς
1134 653 1454 725 φιλοσοφίας
1479 651 1607 714 τοὺς
1635 648 1828 715 λόγους

231 752 572 824 κινήσωμεν,
614 746 724 800 ὑῶν
755 744 851 798 καὶ
878 738 1288 824 τράγωνᾼδίκην
1318 738 1387 808 τῇ
1418 733 1618 824 γαστρὶ
1653 747 1828 802 προσ-

231 816 527 906 ηλωμένοι.
565 829 660 883 καὶ
689 830 805 889 τοῖς
843 824 1079 896 παροῦσι
1101 819 1448 906 δουλεύοντες
1481 816 1826 906 πράγμασιν,

234 895 393 972 οὐδέν
445 911 586 967 εἶναι
638 910 782 981 μετά
821 908 921 979 τὴν
973 904 1222 960 ἐντεῦθεν
1271 901 1584 970 νομίζουσιν
1633 895 1832 981 ἀποδηο

238 1002 371 1072 μίαν
393 1016 406 1030 ·
445 980 708 1068 ἐτεροιίδὲ
741 988 884 1047 εἶναι
916 991 1167 1072 μέντινα
1207 985 1510 1072 νομίζουσι,
1540 980 1830 1072 πρρτιθέα-

239 1061 294 1138 σι
330 1083 388 1136 δὲ
413 1081 482 1135 τά
512 1061 757 1149 παρόντα
778 1075 888 1128 τῶν
917 1061 1241 1143 μελλόντων.
1270 1068 1414 1138 Πρὸς
1446 1065 1546 1149 μὲν
1578 1063 1672 1116 οῦν
1705 1061 1832 1149 τούς

242 1167 412 1238 μηδὲν
468 1143 608 1217 εἷναί
642 1158 994 1230 νομίζοντας,
1040 1152 1155 1238 ἀλλ’
1189 1147 1622 1238 ἀποσϐεσθεῖσαν
1651 1156 1678 1184 ι

237 1223 419 1320 ᾦύχὴν
462 1247 560 1318 τὴν
597 1223 906 1315 ἡμετέραν,
970 1237 1177 1320 μηδένα
1218 1232 1419 1320 διδόναι
1455 1229 1672 1320 1079\n-
1694 1223 1832 1296 μηδέ

240 1310 474 1393 εὐθύνας
516 1310 741 1396 ὐπέχειν
769 1310 1069 1394 οἰομένους,
1116 1317 1258 1388 τάχα
1287 1316 1380 1369 καὶ
1411 1313 1622 1396 γελοῖον
1647 1310 1828 1396 ἀντει·

241 1419 387 1478 πεῖν,
413 1414 603 1481 ὥσπερ
637 1392 774 1479 πρὸς
794 1392 922 1469 τούς
947 1400 1309 1475 μαινομένους
1340 1395 1580 1457 καὶτοὺς
1610 1392 1836 1460 ἐξεστη-

240 1474 429 1560 κάτας.
458 1474 594 1548 οὐδὲ
625 1474 735 1562 γάρ
771 1488 824 1542 εί
851 1474 1019 1551 τιςέν
1046 1484 1231 1556 ἡμέρᾳ
1261 1476 1594 1562 ἀμφιϐάλλοι
1616 1474 1834 1562 ἡμέραν

245 1582 324 1653 μὴ
356 1559 520 1640 εῖναι,
561 1577 657 1629 καὶ¹
683 1559 812 1643 περὶ
839 1570 949 1653 τῶν
979 1570 1145 1653 πάσιν
1178 1560 1630 1653 ὁμολογουμένων
1662 1559 1837 1653 ἀμφι-

244 1639 512 1733 σϐητοίη,
548 1639 852 1727 καιρὸςνᾶν
888 1651 975 1723 εἴη
1019 1650 1177 1733 λόγῳ
1195 1648 1286 1733 τὸν
1319 1643 1563 1733 τοιρῦτον
1603 1639 1832 1733 πείθειν,

241 1723 350 1799 καί
371 1723 671 1815 προσάγειν
703 1737 781 1807 τῷ
806 1737 1067 1804 δόγματι·
1124 1731 1264 1799 πλὴν
1284 1725 1546 1815 ,ἀλλάᾃδιά
1573 1724 1678 1815 τήν
1695 1723 1838 1815 με-

241 1805 428 1901 τέρειν’
445 1805 697 1895 ἀγάπην,
737 1805 832 1874 καὶ
860 1818 997 1889 πρὸς
1036 1817 1245 1901 ἐκεῖνον
1276 1807 1660 1901 διαλεξόμεθα,
1691 1805 1837 1901 ἅπερ

243 1889 417 1981 ἀν’δῷ
447 1889 783 1981 ἡ-τοῦΘεοῦ
813 1903 994 1974 χάρις.
1042 1900 1107 1954 Τί
1139 1898 1343 1981 λέγεις,
1376 1894 1654 1981 ἄνθρωπε,
1685 1889 1837 1943 οὐδὲν

243 1977 652 2062 εἷναι-νομίζεις
681 1987 750 2041 τά
785 1985 925 2057 μετά
953 1983 1164 2048 ταῦτα;
1201 1979 1374 2034 Τοῦτο
1408 1979 1518 2062 γὰρ
1536 1977 1838 2062 ἀναγκαῖον

244 2080 453 2140 εἰπεῖν,
475 2057 618 2137 *πῶς
646 2070 898 2140 καθάπερ
926 2065 1111 2121 κακῶν
1145 2081 1310 2117 τινων
1338 2059 1569 2133 ὁρμαθῷ
1598 2059 1684 2111 ἀεὶ
1715 2057 1840 2109 δυσ-

249 2159 560 2229 σεϐεστέρῳ
588 2155 852 2225 δόγματι,
896 2151 988 2204 τὸν
1020 2147 1170 2214 ama
1198 2144 1546 2229 ἐκτραπέντα
1577 2141 1678 2211 τῆς
1710 2141 1842 2208 ἀλη-

247 2244 403 2306 θείας
437 2225 806 2312 πάραδίδωσιν
848 2236 876 2288 ό
921 2230 1187 2293 διάϐολος.
1239 2229 1380 2300 Ὅρα
1425 2226 1598 2312 γάρ·Δ
1625 2225 1842 2276 ἔπεισεν

246 2307 531 2398 ἀμελῆσαι
557 2319 948 2393 σωφροσύνης,
999 2313 1338 2398 ἐπιεικείας,
1386 2311 1485 2381 τῆς
1517 2307 1684 2398 ἄλλης
1714 2307 1845 2398 ἀρε-

245 2389 369 2484 ττής,
403 2389 630 2479 ἐποίησε
651 2389 904 2477 ’φαύλους
934 2401 1078 2456 κατὰ
1104 2399 1198 2484 τὸν
1227 2397 1362 2468 βίον,
1392 2392 1615 2484 πονηρός)
1646 2389 1846 2455 συζῶν-

247 2477 361 2560 τας
388 2477 652 2548 συνειδότι
695 2489 916 2553 λοιπὸν,
974 2485 1066 2540 καὶ
1097 2483 1196 2555 τὴν
1236 2481 1472 2552 ἀμοιϐὴν
1523 2478 1632 2532 τῶν
1661 2477 1846 2538 αὐτοῖς

249 2576 658 2651 ἡμαρτημένων
716 2574 926 2644 ἑτέροις
979 2567 1294 2641 μεταθεῖναι
1341 2563 1677 2651 ζητοῦντας,
1725 2561 1845 2614 δέον

253 2647 688 2734 μεταϐάλλεσθαι
712 2659 812 2726 τῆς
840 2655 1059 2718 κακίας.
1086 2651 1259 2706 Τοῦτο
1295 2650 1394 2719 μὲν
1428 2649 1532 2701 οὐκ
1560 2647 1844 2715 ἐποίησαν,

230 2730 564 2800 ,ἀνέπλασαν
600 2742 659 2795 δὲ
705 2741 886 2810 δόγμα
941 2736 1214 2808 πονηρὸν,
1267 2734 1364 2786 καὶ
1417 2731 1627 2802 μυρίων
1676 2730 1848 2797 γέμον

251 2828 466 2894 κακῶν,
495 2826 559 2878 τὸ
589 2825 690 2894 τῆς
719 2820 1082 2894 εἱμαρμένης.
1120 2812 1255 2871 Εἶτα
1285 2815 1428 2884 ὑπὲρ
1458 2813 1651 2866 τούτου
1684 2811 1848 2894 πάλιν

253 2886 628 2984 ἐλεγχόμενοι,
644 2886 656 2894 1
671 2886 1176 2973 καίσυνομολογεῖν
1215 2897 1651 2984 ἀναγκαζόμενοί
1682 2886 1848 2984 μηδέν

253 2978 509 3050 εἷναίντά
537 2992 816 3064 παρόντα,
861 2989 924 3042 τὸ
955 2987 1148 3057 μέλλον
1173 2983 1541 3064 ἀνατρέπουσι
1564 3018 1588 3064 ,
1635 2978 1849 3064 καὶτὸν

257 3077 388 3151 περὶ
420 3061 774 3136 ἀναστάσεως
807 3069 1091 3141 ἀναιροῦσι
1112 3067 1292 3136 λόγον.
1337 3063 1457 3151 ιςάν
1495 3061 1654 3151 τοῦτο
1685 3061 1849 3115 πάλιν

254 3144 638 3230 διελέγξωμεν,
667 3157 747 3219 είς
777 3155 967 3224 ἕτερον
990 3151 1320 3213 ἐκπεσόντες
1348 3148 1527 3218 δόγμα
1550 3144 1848 3198 δυσσεϐοῦ-

258 3265 313 3300 σι
330 3263 344 3277 ·
386 3244 526 3315 πλὴν
555 3242 692 3303 τέως
716 3241 781 3292 τὸ
806 3240 864 3290 ἐν
894 3237 1053 3308 χερσὶ
1080 3231 1464 3302 διελέγξωμεν.
1492 3230 1658 3283 Οὐδέν
1679 3233 1847 3293 ἐστιν,

255 3314 548 3400 ἄνθρωπε,
603 3323 742 3395 μετά
770 3321 976 3387 ταῦτα,
1013 3320 1110 3373 καὶ
1149 3316 1492 3400 πρὸςταῦτα
1531 3316 1752 3400 ἵστασαι
1783 3314 1853 3368 τά

255 3397 538 3483 δόγματα;
578 3405 832 3461 Τοσαῦτα
881 3404 1159 3473 ἐλήρησαν
1193 3399 1488 3483 Ἕλληνες,
1551 3397 1666 3451 ἀλλ’
1701 3398 1854 3468 ὅμως

257 3481 398 3565 πρὸς
434 3493 535 3563 τὴν
563 3489 659 3543 τοῦ
689 3489 961 3558 δόγματος
988 3485 1183 3537 τούτου
1212 3484 1313 3537 οὐκ
1346 3482 1686 3549 ἀντέστησαν
1718 3481 1856 3552 ἀλή-

259 3563 411 3631 θειαν
437 3594 452 3608 ·
504 3575 622 3628 ἀλλ’
651 3576 700 3627 εί
748 3572 843 3626 καὶ¹
867 3571 1052 3632 αὐτοῖς
1078 3567 1471 3636 ἀκολουθήσεις
1494 3604 1510 3629 ,
1544 3565 1694 3636 ὅμως
1723 3563 1856 3617 ἐδω-

259 3661 364 3717 κάν
386 3676 511 3714 τινα
557 3655 698 3729 μετὰ
723 3654 899 3709 ταῦτα
947 3653 1091 3723 βίον,
1140 3651 1235 3706 καὶ
1271 3649 1520 3712 εὐθύνας,
1571 3649 1668 3701 καὶ
1696 3648 1854 3701 δικα-

263 3745 462 3815 στήρια
483 3743 541 3796 ἐν
568 3740 718 3812 ᾅδου,
741 3738 837 3792 καὶ
863 3737 1136 3798 κολάσεις,
1164 3734 1261 3787 καὶ
1283 3733 1470 3803 τιμάς,
1496 3731 1593 3785 καὶ
1617 3731 1854 3801 ψήφους,

261 3826 360 3882 καὶ
394 3824 629 3897 κρίσεις.
672 3821 790 3876 Κάν
826 3819 1115 3881 Ἰουδαίους
1152 3818 1460 3888 ἐρωτήσῃς,
1496 3815 1601 3868 κάν
1646 3816 1857 3897 αἱρετι-

261 3927 278 3962 ς
304 3895 562 3974 οὺςίκᾶν
611 3905 795 3958 ὅντινα
827 3902 1144 3974 ἄνθρωπον,
1192 3898 1616 3970 αἰσχυνθήσεται
1641 3897 1737 3950 τοῦ
1775 3895 1862 3949 δό-

261 4013 476 4068 γματος
505 3994 605 4066 τὴν
631 3993 913 4063 ἀλήθειαν,
951 3991 1045 4044 καὶ
1072 3990 1122 4042 εί
1153 3989 1249 4043 καὶ
1273 3991 1331 4042 ἐν
1357 3987 1538 4049 ἄλλοις
1571 3985 1860 4057 διαφέρον-

261 4099 378 4145 ται,
408 4079 528 4134 ἀλλ’
559 4081 617 4131 ἐν
647 4076 825 4146 τούτῳ
855 4075 1057 4138 πάντες
1081 4071 1433 4143 συμφωνοῦσι
1463 4071 1559 4124 καὶ
1583 4069 1860 4139 λέγουσιν,

147 4181 160 4186 ‘
265 4163 406 4220 εἶναι
438 4163 551 4218 τῶν
589 4161 828 4215 ἐνταῦθα
860 4157 1249 4228 γεγενημένων
1287 4154 1520 4218 εὐθύνας
1544 4156 1679 4206 ἐκεῖ.
1719 4152 1860 4206 ’Δλλ’

264 4249 446 4303 οὐδενὶ
486 4246 666 4318 βούλει
697 4243 984 4298 πείθεσθαι
1023 4241 1263 4305 τούτων,
1318 4239 1434 4293 ἀλλ’
1486 4239 1863 4307 ἀναισχυντεῖς

265 4331 529 4396 καθάπαξ
561 4329 801 4391 ἐκδιδοὺς
839 4326 1034 4380 σαυτὸν
1058 4328 1124 4396 τῇ
1161 4324 1359 4394 πλάνῃ.
1388 4320 1598 4376 Οὐκοῦν
1629 4320 1718 4374 διὰ
1737 4321 1866 4383 τοὺς

267 4415 351 4469 ἔτι
384 4415 652 4484 νήφοντας
671 4453 686 4477 ,
734 4411 1035 4478 ἀναγκαῖον
1076 4409 1206 4470 τοὺς
1237 4407 1367 4477 περὶ
1409 4403 1616 4458 τούτων
1646 4405 1865 4474 κινῆσαι

267 4482 484 4565 λόγους.
522 4494 614 4566 Τῷ
638 4493 747 4564 γὰρ
786 4493 952 4563 μηδὲν
987 4489 1141 4562 [767]
1175 4487 1528 4560 ὁμολογοῦντι
1558 4482 1699 4540 εἶναι
1727 4484 1866 4556 μετά

269 4580 466 4644 ταῦτα,
499 4579 716 4648 ἀνάγκη
750 4576 884 4646 μηδέ
925 4573 1059 4628 Θεὸν
1096 4567 1238 4625 εἶναι
1265 4569 1620 4642 ὁμολογῆσαι.
1678 4568 1864 4639 Ὁρᾷς,

269 4666 411 4736 ὅπερ
444 4663 622 4727 εἷπον,
665 4663 748 4715 ὅτι
791 4660 880 4714 ἀεὶ
923 4658 1031 4712 τῶν
1059 4654 1410 4726 φαυλοτέρων
1457 4657 1575 4708 ἐστὶ
1620 4654 1757 4725 μετά
1797 4651 1869 4706 τὰ

274 4747 470 4819 πρῶτα
500 4747 748 4816 δόγματα
775 4744 845 4796 τά
876 4743 1101 4812 ὕστερα,
1129 4740 1274 4810 άπερ
1303 4738 1505 4802 αὐτοὺς
1528 4738 1864 4804 διαδέξεται;

274 4833 339 4886 El
364 4831 473 4901 γὰρ
502 4829 668 4900 μηδέν
689 4830 839 4880 ἐστιν
866 4828 983 4879 ἐκεῖ
1012 4825 1151 4895 μετά
1175 4822 1367 4886 ταῦτα,
1395 4822 1516 4876 οὐδὲ
1536 4821 1669 4885 Θεὸς
1695 4821 1865 4877 ἐστιν.

273 4917 342 4970 El
371 4913 479 4984 γὰρ
512 4913 627 4966 ἐστι
658 4910 812 4974 Θεὸς,
847 4908 1055 4972 δίκαιός
1087 4909 1236 4960 ἐστιν
1261 4923 1274 4936 ·
1313 4909 1362 4959 εί
1405 4906 1461 4958 δὲ
1490 4905 1697 4969 δίκαιός
1726 4907 1865 4972 ἐστι,

274 4998 338 5051 τὸ
381 4997 502 5051 κατ’
539 4994 697 5059 ἀξίαν
745 4993 1012 5063 ἀπονέμει
1057 4991 1307 5060 ἐκάστῳ·
1361 4991 1410 5043 εί
1455 4990 1514 5042 δὲ
1556 4988 1708 5041 οὐδέν
1751 4990 1868 5042 ἐστι

279 5080 420 5150 μετά
444 5077 641 5144 ταῦτα,
671 5074 774 5130 ποῦ
806 5075 868 5128 τὸ
897 5077 1013 5128 κατ’
1042 5073 1200 5138 ἀξίαν
1244 5075 1582 5146 ἀπολήψεται
1605 5073 1866 5139 ἕκαστος

277 5163 524 5235 Πρόσεχε
558 5162 668 5233 γάρ
686 5177 700 5190 ⁸
739 5160 924 5214 πολλοὶ
948 5161 1081 5228 παρ’
1111 5158 1290 5223 ἀξίαν,
1329 5159 1404 5222 ὡς
1433 5159 1527 5211 καὶ
1559 5159 1714 5212 αὐτοὶ
1739 5174 1873 5228 προ-

284 5246 536 5309 λαϐόηὴες
587 5245 980 5316 ὡμολόγησαν,
1033 5240 1093 5297 εὖ
1147 5243 1449 5313 πάσχουσιν
1492 5241 1729 5296 ἐνταῦθα
1777 5243 1872 5296 καὶ

281 5329 570 5402 τιμῶνται,
599 5329 776 5400 ἐτεροι
795 5328 852 5381 δέ
876 5328 1194 5393 κολάζονται
1223 5329 1280 5380 ἐν
1309 5326 1621 5399 δικαιοσύνῃ
1647 5326 1868 5391 ζῶντες.

282 5414 344 5467 Εί
375 5414 555 5466 τοίνυν
578 5412 756 5474 οὐδείς
777 5414 894 5464 ἐστι
921 5411 1112 5480 καιρὸς
1137 5410 1276 5479 μετά
1297 5409 1496 5472 ταῦτα,
1541 5410 1873 5465 ἀπελεύσον-

279 5513 371 5550 ται
405 5495 757 5564 ἀδικηθέντες
787 5496 833 5547 οἱ
867 5493 1090 5557 δίκαιοι,
1112 5494 1208 5546 καὶ
1237 5496 1368 5563 παρ’
1394 5493 1548 5559 ἀξίαν
1577 5488 1636 5546 εὖ
1671 5494 1872 5548 παθόν-

285 5595 372 5642 τες
402 5579 451 5632 οί
473 5577 647 5630 ἄδικοι
671 5593 687 5608 ·
728 5578 776 5629 εἰ
810 5576 866 5630 δέ
895 5577 1070 5630 ταῦτα
1107 5576 1180 5647 μὴ
1207 5576 1382 5640 ἔσται,
1411 5575 1530 5640 πῶς
1575 5575 1641 5630 ἂν
1686 5578 1771 5650 εῐη
1811 5578 1872 5631 τὸ

284 5661 521 5725 δίκαιον;
551 5660 787 5730 Ἀνάγκη
813 5660 922 5732 γὰρ
948 5660 981 5730 ἢ
1007 5655 1144 5714 εἷναί
1171 5676 1291 5712 τινα
1319 5659 1510 5730 καιρὸν
1535 5659 1676 5729 μετά
1697 5661 1873 5716 ταῦτα

284 5743 379 5799 τὸν
408 5742 470 5798 τὸ
495 5742 616 5796 κατ’
645 5744 802 5810 ἀξίαν
832 5744 1173 5815 ἀπονέμοντα
1200 5743 1448 5815 ἐκάστῳ·
1504 5744 1740 5800 ἐνταῦθα
1763 5743 1872 5816 γάρ

343 5876 373 5907 ⁸
395 5875 532 5928 C0!b.
554 5876 964 5940 ἀποσπασθεῖσαν,
988 5877 1153 5927 minus
1176 5883 1334 5929 recte.

1315 456 1405 513 DE
1445 452 1628 510 ΕΑτο
1663 453 1748 508 ET
1791 447 2282 507 PROVIDENTIA.
2327 450 2413 506 IV.

3426 449 3531 506 761

1929 564 2064 617 αὐτὸ
2114 565 2214 635 οὐχ
2251 563 2616 633 εὑρίσκομεν·
2667 561 2720 614 εἰ
2761 577 2824 630 γε
2859 561 2935 632 μή
2993 560 3111 613 ἐστι
3150 561 3378 632 καιρὸς,
3416 561 3532 624 πῶς

1927 645 1989 698 τὸ
2019 646 2140 700 κατ’
2169 647 2326 724 ἀξίαν
2355 645 2604 716 ἀπολάϐῃ
2630 644 2860 707 ἕκαστος
2888 661 2902 708 ς
2939 644 2989 696 εί
3019 644 3077 696 δὲ
3102 644 3291 715 μηδεὶς
3316 644 3379 697 τὸ
3415 646 3534 697 κατ’

1929 729 2086 796 ἀξίαν
2115 730 2495 802 ἀπολαμϐάνει
2513 771 2525 790 ,
2567 728 2690 781 οὔτε
2719 727 2852 791 Θεός
2875 730 2993 780 ἐστι
3022 727 3163 780 κατά
3191 727 3252 779 σὲ
3278 726 3489 789 δίκαιος
3515 743 3532 758 ·

1929 816 1981 867 εἰ
2006 815 2063 867 δὲ
2095 815 2196 868 οὐκ
2224 815 2341 868 ἐστι
2364 815 2574 876 δίκαιος
2607 815 2635 865 ὁ
2657 812 2811 876 Θεὸς,
2842 813 2965 865 οὐδὲ
2986 812 3120 873 Θεὸς
3153 810 3219 864 ἂν
3242 811 3349 880 εἴη.
3390 809 3534 864 Ἀλλ’

1931 901 1964 969 ἡ
1999 899 2318 970 βλασφημία
2343 900 2421 962 είς
2447 898 2548 970 τὴν
2575 897 2814 967 κεφαλὴν
2836 895 2945 948 τῶν
2973 894 3148 948 ταῦτα
3187 896 3336 964 ἡμᾶς
3372 896 3537 960 ἀναγο

1931 982 2207 1047 καζόντων
2238 980 2628 1053 περιτραπείη.
2648 981 2844 1050 Ὁρᾶτε
2870 979 3008 1048 πρὸς
3035 979 3168 1047 ὅσην
3185 976 3538 1047 βλασφημίαν

1931 1068 1961 1118 ὀ
2011 1066 2170 1135 λόγος
2224 1065 2596 1135 ἐξενήνεκται.
2644 1063 2806 1116 Ἀλλά
2861 1061 2968 1133 μὴν
3019 1061 3101 1114 ὅτι
3145 1060 3278 1123 Θεός
3319 1060 3537 1113 ἐστιτὰ

1934 1151 2237 1221 πράγματα
2270 1148 2400 1220 βοᾷ·
2444 1147 2641 1202 οὐκοῦν
2674 1149 2767 1200 καὶ
2811 1145 3023 1208 δίκαιός
3050 1144 3223 1198 ἐστιν·
3287 1144 3336 1197 εί
3368 1142 3425 1195 δὲ
3456 1143 3540 1196 δί-

1934 1233 2086 1296 καιός
2118 1235 2257 1296 ἐστι,
2290 1233 2352 1286 τὸ
2380 1234 2504 1286 κατ’
2537 1231 2694 1296 ἀξίαν
2724 1231 2992 1299 ἀπονέμει
3019 1229 3236 1297 ἑκάστῳ
3257 1241 3271 1254 ·
3320 1228 3370 1279 εἰ
3400 1227 3458 1279 δὲ
3477 1225 3542 1279 τὸ

1934 1316 2057 1370 κατ’
2089 1315 2249 1380 ἀξίαν
2277 1315 2541 1387 ἀπονέμει
2576 1314 2814 1382 ἑκάστῳ,
2859 1312 3076 1379 ἀνάγκη
3109 1310 3232 1363 τινὰ
3268 1304 3413 1361 εἶναι
3442 1326 3540 1380 με·

1934 1399 2004 1452 τά
2031 1398 2203 1452 ταῦτα
2229 1399 2443 1469 καιρὸν,
2475 1398 2597 1451 καθ’
2628 1397 2686 1450 δν
2716 1396 2778 1449 τὸ
2805 1396 2927 1449 κατ’
2959 1393 3116 1460 ἀξίαν
3148 1393 3379 1454 ἕκαστος
3402 1393 3541 1445 ἀπο-

1934 1483 2189 1554 λήψεται,
2213 1482 2308 1535 καὶ
2339 1481 2502 1535 δώσει
2534 1479 2718 1549 δίκην,
2746 1479 2842 1532 καὶ
2869 1476 3236 1549 τιμηθήσεται
3264 1474 3407 1544 ὐπέρ
3429 1474 3543 1528 τῶν

1936 1565 2389 1636 κατωρθωμένων
2405 1564 2573 1634 αὐτῷ.
2593 1563 3006 1633 Ἀνανήψωμεν,
3030 1558 3306 1629 ἀγαπητοί
3326 1576 3340 1589 ·
3364 1559 3545 1624 ἀγνω-

1939 1650 2063 1704 σίαν
2097 1649 2234 1703 Θεοῦ
2266 1649 2410 1712 τινὲς
2455 1648 2706 1718 ἔχουσιν·
2754 1643 3142 1714 ἀνανήψωμεν,
3178 1641 3545 1714 γρηγορήσω-

1942 1750 2060 1803 μεν.
2103 1733 2424 1802 Ἧμαρτες,
2475 1730 2551 1802 μὴ
2575 1730 2821 1801 προσθῇς
2853 1727 2934 1780 ἔτι
2960 1743 2974 1757 ·
3009 1728 3257 1796 ἥμαρτες
3279 1766 3293 1788 ,
3331 1724 3543 1796 ἡσύχα-

1941 1833 2033 1869 σον
2058 1831 2072 1847 ·
2115 1816 2384 1886 ἥμαρτες,
2418 1813 2492 1884 μὴ
2522 1812 2840 1883 καταδήσῃς
2892 1810 2973 1872 δὶς
3007 1809 3304 1879 ἁμαρτίας.
3353 1807 3546 1877 Ἡμεῖς

1940 1897 1997 1951 δὲ
2023 1898 2257 1970 τριπλᾶς
2295 1898 2390 1950 καὶ
2413 1895 2729 1966 τετραπλᾶς
2757 1891 3238 1962 καταδεσμοῦμεν.
3284 1890 3546 1944 τοιούτων

1941 1980 2230 2052 δογμάτων
2254 1981 2452 2052 φόρτον
2475 1981 2554 2042 είς
2577 1979 2678 2042 τὰς
2697 1977 2977 2048 ἡμετέρας
3003 1974 3182 2045 ψυχὰς
3207 1973 3543 2041 εἰσάγοντες.

1946 2063 2254 2137 Ἥμαρτες,
2276 2063 2537 2133 ἐπίγνωθι
2569 2062 2659 2116 τὸν
2686 2062 2988 2132 Δεσπότην,
3019 2059 3112 2112 τὸν
3138 2059 3261 2128 ὲλεή
3273 2075 3430 2127 μονα,
3453 2056 3547 2109 τὸν

1945 2148 2349 2218 φιλάνθρωπον,
2377 2147 2471 2199 τὸν
2497 2145 2721 2214 ἀγαθὸν,
2751 2144 2843 2196 τὸν
2871 2141 3074 2214 ίατρὸν,
3098 2142 3191 2194 τὸν
3224 2155 3549 2209 συγγνωμο-

1944 2233 2116 2296 νικὸν,
2140 2233 2231 2284 τὸν
2254 2229 2686 2301 εὐπαραίτητον,
2703 2227 2796 2280 τὸν
2824 2226 3141 2290 εὐαξίωτιν.
3163 2225 3277 2278 Οὐκ
3307 2223 3549 2294 ἡκουσας

1944 2315 2027 2368 ὅτι
2058 2315 2228 2385 μυρία
2254 2313 2498 2367 τάλαντά
2527 2329 2609 2376 τις
2642 2307 3054 2379 κατεδηδοκὼς,
3110 2308 3207 2360 καὶ
3228 2306 3328 2377 τὴν
3358 2303 3550 2359 οὐσίαν

1946 2402 2129 2454 πᾶσαν
2168 2400 2268 2469 τὴν
2305 2397 2660 2466 εδεσποτικὴν
2721 2393 2996 2454 ἀπολέσας
3050 2393 3145 2444 καὶ
3213 2389 3547 2451 διασπάσας,

1946 2483 2166 2554 ἐτοιμος
2193 2481 2268 2535 ὢν
2283 2483 2376 2535 καλ⁵
2398 2481 2497 2550 τὴν
2524 2481 2758 2547 γυναῖκα
2778 2473 3076 2530 ἀποδόσθαι
3111 2473 3206 2526 καὶ
3230 2472 3302 2524 τὰ
3332 2469 3547 2534 παιδία,

1949 2567 2138 2638 ἐπειδὴ
2179 2567 2342 2636 μόνον
2370 2565 2657 2630 ἔκλαυσεν,
2693 2561 2884 2631 ἐπειδὴ
2923 2560 3084 2630 μόνον
3108 2557 3216 2611 τῶν
3242 2555 3419 2609 πεδῶν
3452 2555 3553 2607 αὐ-

1947 2652 2042 2705 τοῦ
2076 2651 2288 2722 ⁴ίμῖιατο,
2338 2648 2538 2711 παντὸς
2585 2646 2793 2700 ἐκείνου
2844 2643 2940 2697 τοῦ
2990 2642 3355 2711 όφειλήματος
3397 2637 3551 2690 λύσιν

1947 2735 2156 2806 ηὐρατο
2182 2736 2277 2787 καὶ
2295 2732 2521 2802 ἀφεσιν;
2546 2731 2608 2784 Et
2629 2730 2686 2783 δὲ
2707 2728 2906 2797 λέγοις,
2926 2728 3008 2779 ὄτι
3034 2725 3172 2796 μετὰ
3192 2723 3364 2776 ταῦτα
3387 2721 3553 2774 αὐτὸν

1950 2818 2234 2890 παρέδωκε
2255 2819 2366 2879 τοῖς
2391 2815 2764 2884 βασανισταῖς,
2785 2810 2966 2864 ἴσασιν
2996 2811 3042 2861 οἱ
3064 2807 3267 2870 εἰδότες
3288 2805 3385 2875 τὴν
3408 2804 3553 2856 ἱστο-

1954 2887 2104 2975 ρίαν·
2133 2900 2326 2972 ἐτέρας
2357 2917 2447 2970 μοι
2473 2899 2656 2966 λέγεις
2684 2893 3096 2965 φιλανθρωπίας
3124 2888 3400 2975 ὑπόθεσιν.
3439 2887 3552 2940 Καὶ

1950 2971 2063 3056 γάρ
2097 2987 2193 3038 καὶ
2219 2971 2343 3037 τότε
2375 2983 2539 3036 αὐτὸν
2569 2979 2803 3050 ἐλεήσας
2824 2976 3008 3046 ἀφῆκε
3030 3014 3044 3038 ,
3085 2971 3375 3056 καὶῗπάλῖν
3404 2972 3552 3056 ἐκεῖ·

1951 3052 2045 3123 νον
2077 3068 2308 3138 ἐλεήσας
2363 3063 2650 3119 ἐνέϐαλεν·
2705 3061 2895 3130 ὥσπερ
2945 3059 3066 3111 τότε
3113 3055 3310 3138 τούτῳ,
3341 3052 3551 3123 βοηθῶν

1951 3137 2249 3222 ἐποίησεν,
2293 3149 2436 3202 οῦτω
2469 3147 2565 3200 καὶ
2601 3145 2696 3198 νῦν
2735 3143 2929 3222 ἐκείνῳ
2979 3139 3188 3210 βοηθῶν
3221 3137 3550 3207 ἀνέπραττε,

1951 3218 2140 3288 τοῦτον
2172 3234 2271 3304 μέν
2299 3233 2389 3286 ἵνα
2415 3227 2685 3299 παιδεύσῃ
2715 3227 2789 3297 μὴ
2829 3219 2971 3278 εἶναι
3006 3222 3181 3292 ὠμὸν,
3215 3220 3352 3292 μηδὲ
3378 3218 3555 3273 ἀπάν-

1954 3319 2192 3392 θρωπον,
2219 3319 2425 3370 ἐκεῖνον
2459 3314 2515 3367 δέ
2545 3314 2633 3366 ἵνα
2669 3312 2762 3364 καὶ
2787 3306 3075 3392 ἀπαλλάξῃ
3111 3305 3232 3376 βίας
3262 3304 3357 3357 καὶ

1955 3375 2222 3474 θρωπίας.
2241 3400 2459 3470 Ὁρᾶτε,
2492 3391 2988 3464 ἀγαπητοί·καλῶς
3009 3375 3119 3460 γάρ
3145 3405 3208 3474 με
3237 3375 3442 3474 μεταξύ
3467 3383 3556 3436 λέ⁴

1954 3467 2122 3557 γὸντα
2145 3467 2316 3539 τοῦτο
2330 3481 2548 3554 εἰσῆλθε
2565 3480 2625 3534 τὸ
2650 3480 2853 3549 νόημα,
2873 3475 2989 3538 πῶς
3007 3474 3068 3527 οὐ
3102 3473 3262 3557 μόνον
3292 3469 3353 3522 τὸ
3373 3467 3556 3521 πλεον-

1957 3553 2137 3625 εκτεῖν
2170 3568 2266 3622 καὶ
2302 3553 2593 3638 ἁρπάζειν,
2633 3563 2771 3617 ἀλλά
2807 3561 2900 3615 καὶ
2933 3559 2994 3611 τὸ
3026 3559 3100 3630 μὴ
3131 3556 3300 3610 ἐλεεῖν
3330 3553 3554 3623 γεέννης

1960 3653 2113 3727 [768]
2139 3655 2270 3724 ἡμῖν
2299 3637 2557 3722 πρόξενον
2585 3647 2856 3717 γίγνεται.
2907 3637 3077 3727 Οὗτος
3106 3641 3238 3712 γὰρ,
3273 3640 3375 3693 οὐκ
3406 3641 3555 3690 ἐπει-

1956 3721 2022 3808 δὴ
2058 3721 2128 3789 τά
2153 3721 2410 3806 ἀλλότρια
2441 3731 2631 3786 ἐλαϐεν
2664 3729 2898 3792 ἀδίκως,
2947 3726 3066 3781 ἀλλ’
3108 3723 3298 3795 ἐπειδὴ
3343 3722 3413 3775 τὰ
3453 3721 3557 3773 αὐ-

1957 3820 2053 3875 τοῦ
2075 3821 2274 3892 ἀπῄτει
2297 3815 2703 3888 ἀπανθρώπως,
2730 3811 3004 3883 παρεδόθη
3032 3813 3146 3873 τοῖς
3171 3809 3552 3878 βασανισταῖς·

1960 3905 2057 3959 καὶ
2085 3890 2195 3975 γὰρ
2227 3903 2442 3973 εἴρηται
2461 3941 2475 3965 ,
2521 3901 2602 3952 ὅτι
2657 3895 2891 3966 ὠφειλεν
2939 3896 3148 3955 ἐκεῖνος
3176 3907 3191 3922 ·
3220 3890 3337 3975 ἀλλ’
3383 3891 3432 3942 εί
3461 3890 3557 3942 καὶ

1963 3973 2173 4050 ἐκεῖνος
2217 3984 2484 4055 ὤφειλεν,
2528 3980 2762 4051 ὢφειλες
2793 3979 2887 4032 καὶ
2930 3978 2994 4030 σὺ
3030 3976 3092 4028 τὸ
3135 3974 3270 4028 αὐτὸ
3307 3973 3556 4042 δφλημα,

1966 4072 2060 4125 καὶ
2091 4071 2154 4124 τὸ
2199 4069 2332 4122 αὐτὸ
2373 4067 2580 4120 δίκαιον
2621 4065 2709 4116 ἐπ’
2760 4060 3140 4132 ἀμφοτέρωνιι
3192 4055 3559 4126 φυλάττεσθαι

1965 4159 2156 4230 ἐχρῆν.
2195 4157 2293 4211 Διά
2338 4155 2500 4210 τοῦτό
2544 4171 2626 4208 σοι
2669 4152 2918 4222 ἀφῆκεν,
2976 4151 3065 4203 ἴνα
3113 4148 3212 4218 τὴν
3259 4145 3423 4201 αὐτοῦ
3477 4161 3558 4198 σοι

1967 4249 2120 4322 δείξῃ
2157 4246 2590 4320 φιλανθρωπίαν,
2620 4246 2708 4299 ἵνα
2735 4243 2980 4314 ζηλωτήν
3011 4257 3070 4294 σε
3104 4241 3205 4310 τῆς
3228 4237 3558 4306 δεσπτικῆς

1967 4337 2308 4410 ἡμερότητος
2329 4334 2656 4408 ἐργάσηται.
2697 4331 2918 4399 Ἐπειδὴ
2948 4329 3006 4384 δὲ
3033 4327 3224 4382 παθὼν
3242 4322 3302 4379 εὖ
3320 4326 3420 4379 οὐκ
3444 4323 3558 4393 ἐγέο

1968 4448 2063 4484 νου
2095 4429 2336 4499 βελτίων,
2365 4427 2541 4497 ἐτέρῳ
2566 4442 2625 4478 σε
2658 4421 2964 4494 διορθοῦται
2990 4419 3202 4492 τρόπῳ,
3232 4417 3312 4489 τῷ
3336 4418 3434 4488 τῆς
3468 4434 3564 4470 κο-

1969 4522 2202 4586 λάσεως,
2244 4519 2322 4591 τῷ
2366 4522 2467 4589 τῆς
2500 4516 2803 4587 τιμωρίας·
2837 4513 2979 4567 ὥστε
3021 4513 3115 4566 καὶ
3147 4510 3306 4564 τοῦτο
3335 4511 3559 4581 εὐεργε-

1973 4613 2093 4676 σίας
2123 4607 2264 4674 εἷδός
2291 4611 2430 4662 ἐστι.
2468 4606 2762 4674 Παρέδωκε
2791 4606 2906 4667 τοῖς
2934 4601 3306 4672 βασανισταῖς,
3342 4599 3430 4653 ἵνα
3459 4616 3560 4651 κα-

1971 4705 2098 4757 κίαν
2158 4701 2315 4772 ἐξέλῃ
2352 4699 2553 4770 ψυχῆς,
2615 4695 2870 4766 καθάπερ
2916 4693 3101 4764 ἰατρὸς
3150 4691 3390 4763 ἀριστος.
3445 4691 3561 4744 Οὐκ

1971 4789 2120 4859 εἴξας
2155 4792 2436 4863 φαρμάκῳ
2475 4788 2756 4860 προσηνεῖ,
2801 4786 3020 4856 σιδήρου
3047 4801 3132 4836 σοι
3154 4782 3347 4836 δεῖκαὶ
3391 4781 3562 4851 πυρὸς

1970 4883 2176 4936 λοιπόν.
2205 4882 2361 4954 ’ῌδει
2390 4880 2560 4952 μυρία
2590 4878 2830 4931 τάλαντα
2855 4876 3014 4944 ἀφεὶς
3037 4875 3119 4927 ὅτι
3142 4873 3293 4944 ὠμός
3321 4874 3438 4925 ἐστι
3465 4871 3564 4924 καὶ

1972 4975 2360 5046 ἀπάνθρωπος,
2396 4973 2510 5026 ἀλλ’
2543 4971 2797 5041 ἀνέμεινε
2827 4968 2914 5022 διά
2950 4967 3049 5038 τῆς
3075 4965 3186 5019 τῶν
3217 4963 3566 5034 πραγμάτων

1972 5067 2250 5128 ἐκϐάσεως
2270 5062 2713 5134 ἀπολογήσασθαί
2737 5077 2838 5127 σοι,
2864 5059 2893 5113 ὃ
2915 5056 3182 5127 πολλαχοῦ
3213 5056 3375 5118 ποιεῖ,
3407 5052 3563 5116 είδὼς

1973 5157 2055 5210 ὅτι
2081 5153 2308 5218 δικαίως
2346 5155 2510 5206 ποιεῖ.
2543 5153 2701 5206 Μετά
2728 5151 2790 5204 τὸ
2817 5144 3265 5218 ἀπολογήσασθαί
3295 5160 3380 5196 σοι
3406 5141 3563 5196 τοῦτο

1973 5250 2117 5302 ποιεῖ
2133 5264 2145 5276 ·
2172 5239 2284 5300 οἷον
2302 5243 2523 5298 ἐπὶτῶν
2538 5243 2789 5314 Σοδόμων
2814 5241 2911 5311 οὐχ
2937 5237 3125 5301 ἁπλῶς
3143 5236 3324 5306 ἀφῆκε
3349 5233 3412 5288 τὸ
3429 5233 3560 5304 πῦρ,

1971 5341 2093 5395 οὐδὲ
2114 5339 2213 5403 τὰς
2230 5337 2414 5402 πόλεις
2437 5336 2652 5400 ἐκείνας
2677 5335 3015 5406 ἀνήρπασεν,
3047 5330 3184 5384 ἀλλά
3207 5329 3259 5382 τί
3278 5345 3293 5393 ;
3316 5327 3561 5396 Κραυγὴ

1973 5431 2257 5501 Σοδόμων
2316 5430 2416 5484 καὶ
2453 5429 2793 5499 Γομόῤῥων,
2843 5426 2937 5481 καὶ
2972 5425 3093 5479 οὐδὲ
3145 5423 3302 5495 μέχρι
3334 5419 3562 5484 τούτου,

1972 5523 2132 5586 ἀλλά,
2182 5523 2458 5586 Καταϐὰς
2496 5520 2740 5590 ὄψομαι.
2783 5518 2894 5573 Καὶ
2948 5516 3069 5570 οὐδὲ
3118 5513 3352 5570 ἐνταῦθα
3392 5511 3564 5583 ἔστη,

1972 5615 2109 5670 ἀλλά
2136 5615 2347 5686 πέμπει
2381 5614 2508 5678 τοὺς
2540 5612 2810 5682 ἀγγέλους
2845 5607 3297 5672 ὑποδεικνύοντάς
3331 5624 3413 5660 σοι
3454 5617 3522 5685 τὴ
3535 5636 3562 5668 ν

1973 5707 2173 5762 κακίαν
2218 5706 2327 5760 τῶν
2377 5704 2731 5760 ἐνοικούντων
2774 5703 2874 5776 τήν
2927 5702 3103 5768 πόλιν,
3133 5701 3222 5755 ἵνα
3279 5698 3416 5771 μηδὲ
3439 5700 3556 5753 τῶν

2035 5878 2066 5920 δ
2089 5876 2224 5930 Colb.
2250 5878 2322 5927 ἐπ’
2343 5880 2639 5943 ἀμφοτέροις.
