4066 6424
232 448 340 506 7135

233 563 375 631 piam
419 565 600 627 posset
647 555 813 610 Deum
882 548 1154 608 criminari
1181 590 1198 616 ,
1242 547 1386 618 quod
1439 545 1826 615 inhospiutles,

233 648 380 720 quod
405 647 748 713 inhumanos,
780 643 920 714 quod
952 643 1163 712 iniquos
1187 680 1202 704 ,
1233 637 1376 708 quod
1406 636 1673 706 aequitatis
1707 635 1827 703 jura

233 741 581 810 ignorantes,
633 736 778 806 quod
805 748 934 798 eos,
974 732 1065 802 qui
1095 743 1411 786 communes
1453 735 1656 781 naturae
1685 726 1830 794 leges

230 839 539 888 everterent
559 871 574 895 ,
606 827 806 883 malitia
833 825 1019 896 plenos
1045 821 1209 878 deleri
1237 827 1527 891 oporteret.
1554 815 1691 884 Quid
1723 824 1828 870 tam

230 923 464 993 benigno
489 931 545 976 et
573 928 855 976 mansueto
881 917 990 971 Deo
1032 929 1126 984 par
1151 909 1348 967 iucn't?
1377 908 1535 979 Atqui
1577 921 1674 962 nus
1703 906 1828 960 dum

231 1013 580 1082 castigamus,
621 1026 688 1065 ne
729 1022 945 1064 causam
977 1003 1192 1076 quidem
1239 1017 1384 1072 smpe
1425 1001 1708 1071 dignamur
1749 997 1832 1053 di-

229 1117 353 1159 cere
381 1119 399 1157 ι
425 1101 520 1156 ille
550 1114 680 1155 vero
711 1097 813 1153 nisi
837 1097 988 1168 prius
1028 1101 1081 1148 te
1112 1092 1385 1158 docuerit,
1415 1090 1518 1145 nisi
1553 1090 1703 1159 prius
1729 1088 1829 1142 tibi

234 1195 598 1266 persuaserit,
630 1191 730 1246 nisi
759 1200 907 1244 tuum
934 1186 1139 1256 ceperit
1171 1182 1478 1253 sull‘ragium
1500 1220 1523 1246 ,
1541 1179 1682 1250 quod
1707 1181 1830 1249 jure

229 1289 553 1358 supplicium
582 1285 825 1355 inﬂigat,_
837 1296 944 1337 non
971 1284 1196 1349 castigat
1215 1289 1331 1343 eos,
1360 1275 1451 1344 qui
1473 1273 1679 1342 jamdiu
1709 1286 1830 1341 sup-

231 1383 392 1452 plicio
417 1389 471 1435 et
493 1376 959 1434 animadversione
987 1371 1134 1442 digni
1163 1376 1338 1431 erant,
1373 1375 1532 1436 atque
1564 1364 1826 1418 rationem

229 1487 375 1542 same
410 1471 503 1526 tibi
533 1468 758 1525 reddere
783 1473 998 1537 paratus
1024 1471 1129 1529 est,
1161 1472 1214 1516 et
1240 1461 1292 1515 in
1315 1458 1571 1528 judicium
1599 1456 1828 1510 descen-

229 1541 360 1619 dere
402 1572 685 1630 tecumque
717 1541 1020 1626 disceptare
1045 1569 1150 1608 non
1190 1559 1461 1622 gravatur.
1498 1545 1662 1602 Vides
1705 1560 1829 1616 pro-

230 1655 419 1727 phetas
461 1654 542 1707 his
585 1650 924 1706 sermonibus
969 1648 1156 1718 plenos
1195 1660 1212 1699 :
1257 1643 1451 1712 ubique
1488 1638 1684 1710 judicia
1731 1636 1825 1692 Dei

227 1762 352 1801 cum
384 1743 708 1798 hominibus.
734 1743 814 1795 Ac
844 1739 1161 1809 plerumque
1201 1733 1382 1804 inique
1421 1738 1641 1801 agentes
1683 1727 1827 1796 ipsos

229 1838 283 1891 in
307 1835 517 1905 judices
543 1832 767 1887 advocat
803 1847 818 1885 :
853 1844 997 1899 smpe
1028 1828 1189 1882 etiam
1219 1823 1528 1879 universum
1551 1821 1736 1874 orbem
1758 1817 1825 1872 ad

225 1927 495 1982 calculum
529 1921 811 1979 ferendum
832 1919 1025 1976 sedere
1047 1918 1219 1987 jubet,
1251 1924 1310 1970 ut
1338 1912 1660 1984 judiciorum
1692 1922 1826 1963 con-

227 2019 565 2088 spicuitatem
587 2013 838 2071 ostendat
865 2030 880 2068 :
908 2027 978 2068 ne
1003 2011 1178 2081 ipsum
1199 2005 1412 2078 quidem
1435 2001 1821 2064 adversarium,

228 2125 329 2166 nec
377 2109 538 2165 etiam
589 2105 861 2162 insensilia
892 2103 960 2159 ad
1001 2092 1266 2173 judicium
1312 2097 1577 2152 advocare
1614 2100 1828 2148 recusat

228 2202 370 2254 Deus
400 2217 416 2256 :
445 2199 586 2270 quod
619 2197 772 2252 nobis
795 2197 846 2252 in
875 2209 1025 2251 more
1052 2201 1134 2248 est
1161 2191 1356 2252 facere,
1389 2185 1604 2256 quando
1628 2186 1679 2237 in
1704 2184 1824 2252 jure

226 2300 412 2347 nostro
438 2291 779 2346 confidimus.
810 2287 995 2342 Audite
1013 2327 1028 2353 ,
1057 2285 1235 2350 valles,
1265 2279 1598 2351 fundamenta
1630 2287 1780 2329 terra
1803 2311 1820 2337 ,

227 2409 1554 2437 _____________,__.______.

1296 437 1385 492 DE
1423 435 1606 491 ΡΑΤο
1645 433 1733 491 ΕΤ
1772 433 2257 493 PROVIDENTIA.
2292 435 2357 490 ν.

3436 443 3538 501 766

1934 549 2172 616 quoniam
2203 550 2459 620 judicium
2492 548 2709 606 Domino
2756 551 2946 624 (ﬁlioli.
2977 555 3028 610 ὓ.
3052 554 3107 626 2)
3141 573 3154 611 :
3185 565 3238 611 et
3267 572 3498 617 rursum
3523 604 3536 625 ,

1934 640 2092 706 Audi,
2119 641 2319 709 citium,
2347 651 2396 695 et
2418 643 2625 698 auribus
2653 645 2889 716 percipe,
2920 655 3054 700 terra
3073 688 3088 712 ,
3121 651 3243 718 quia
3271 649 3428 705 Domi
3444 668 3539 707 nus

1935 729 2170 799 loquutus
2196 741 2268 785 est
2308 730 2461 802 (frui.
2503 733 2557 787 l.
2582 732 2664 803 2).
2695 724 2851 805 Stcpe
2881 751 3009 793 vero
3036 737 3154 793 illos
3185 739 3329 808 ipsos
3358 737 3531 807 reos'.

1936 819 2136 891 Pepule
2159 825 2260 890 mi,
2287 825 2409 896 quid
2436 827 2535 897 feci
2565 826 2686 894 tibi,
2718 829 2882 881 autin
2909 830 3143 904 quoicui
3181 841 3229 884 te
3256 824 3442 904 (Miclt.
3477 835 3510 890 6

1934 912 2029 984 3)?
2056 913 2124 968 Et
2150 913 2432 980 Jcremias,
2467 917 2616 984 Quod
2638 918 2934 973 invenerunt
2973 902 3044 974 in.
3060 938 3141 975 me
3167 902 3406 981 delictum
3438 941 3529 994 pu-

1934 1012 2033 1057 (res
2061 1006 2210 1058 vestri
2251 1004 2464 1077 (Jerem.
2488 1007 2541 1060 2.
2575 1007 2676 1079 5)?
2704 1008 2888 1078 Neque
2918 1010 3019 1065 hoc
3050 1011 3222 1066 solum
3249 1014 3300 1067 in
3331 1014 3526 1068 civita-

1936 1094 2076 1148 tibus
2103 1104 2157 1150 et
2193 1096 2495 1152 nationibus
2520 1099 2680 1165 facit,
2717 1099 2812 1154 sed
2839 1100 2997 1154 etiam
3039 1102 3090 1155 in
3121 1117 3230 1157 uno
3254 1117 3396 1173 saepe
3425 1104 3524 1158 ho-

1933 1184 2095 1237 mine.
2125 1183 2256 1255 Cqm
2283 1186 2480 1241 Davide
2507 1186 2771 1258 diseeptat
2797 1203 2891 1258 per
2909 1190 3225 1260 prophetam
3251 1209 3266 1247 :
3295 1203 3349 1248 et
3371 1193 3522 1249 Jonas

1933 1277 2201 1332 recusanti
2229 1276 2480 1334 Ninivitis
2513 1280 2837 1349 praedicare,
2869 1296 2929 1336 se
2957 1281 3098 1337 Deus
3139 1298 3234 1353 per
3269 1288 3522 1341 cucurbi-

1935 1377 2040 1421 tam
2058 1376 2276 1423 excusat
2303 1386 2316 1422 :
2351 1367 2413 1424 Si
2431 1378 2486 1422 tu
2508 1371 2750 1440 ponebas
2772 1387 2926 1442 super
2947 1373 3280 1441 cucurbitam,
3309 1393 3400 1446 ego
3422 1394 3522 1430 non

1932 1475 2139 1529 parcam
2166 1475 2318 1530 super
2348 1460 2566 1514 Niniven
2595 1461 2744 1530 (Ion.
2775 1464 2828 1518 ι.
2865 1464 2951 1519 l0.
2985 1464 3112 1535 il)?
3134 1465 3199 1520 Et
3230 1468 3519 1523 multorum

1932 1547 2237 1617 hujusmodi
2281 1549 2582 1619 Scripturas
2631 1553 2816 1622 plenas
2863 1555 3122 1610 invenies.
3168 1555 3296 1611 llaec
3343 1558 3520 1626 itaque

1932 1653 2053 1693 cum
2081 1640 2347 1708 sciamus,
2381 1642 2553 1710 ipsum
2583 1643 2884 1709 adoremus,
2910 1645 3257 1710 admiremur,
3286 1648 3523 1703 colamus

1930 1737 2186 1797 quantum
2229 1731 2283 1784 in
2329 1731 2483 1786 nobis
2509 1732 2613 1786 erit
2644 1750 2657 1787 :
2690 1734 2847 1804 digne
2891 1736 3031 1789 enim
3070 1751 3178 1790 non
3219 1753 3520 1806 possumus.

1929 1819 2124 1875 Curam
2168 1821 2461 1877 habeamus
2501 1825 2781 1894 prmsentis
2808 1826 2932 1880 vitae
2955 1866 2969 1890 ,
3002 1836 3058 1880 et
3087 1843 3398 1896 persuasum
3429 1832 3523 1884 ha-

1930 1907 2150 1964 beamus
2192 1911 2357 1966 Deum
2399 1927 2662 1981 praeesse,
2705 1923 2759 1969 et
2801 1915 3183 1983 providentiam
3211 1919 3393 1973 omnia
3418 1935 3523 1990 gu-

1932 2000 2164 2056 bernare
2193 2020 2206 2056 :
2237 2013 2292 2057 et
2322 2014 2442 2072 post
2468 2003 2581 2058 haec
2607 2006 2785 2059 omnia
2814 2007 3067 2077 consequi
3094 2011 3356 2080 promissa
3384 2009 3524 2066 bona

1931 2094 2228 2162 poterimus
2259 2111 2272 2148 :
2303 2095 2494 2165 quibus
2525 2111 2623 2152 nos
2649 2112 2838 2153 omnes
2868 2100 3024 2169 potiri
3054 2101 3328 2172 contingat
3353 2105 3524 2173 gratia

1929 2184 2147 2254 Christi,
2178 2188 2262 2241 cui
2293 2188 2458 2258 gloria
2489 2189 2542 2243 in
2570 2191 2764 2246 saecula
2793 2194 3130 2248 smculorum.
3162 2195 3355 2250 Amen.

1559 2400 3523 2427 ...Μ

1041 2500 1202 2583 DE
1275 2492 1577 2580 FATO
1641 2488 1791 2572 ET
1855 2483 2687 2570 PROVIDENTIA.

1196 2653 1200 2658 ’
1673 2663 2062 2737 ω

889 2840 1087 2884 ORATIO
1115 2838 1168 2878 ν.

303 2925 457 2983 Nulla
484 2931 569 2979 est
596 2919 816 2978 omnino
842 2927 948 2973 tam
977 2916 1266 2986 depravata
1291 2905 1559 2969 doctrina,
1592 2902 1790 2956 dilecte
1807 2940 1824 2966 ,

232 3035 411 3090 neque
452 3026 558 3072 tam
591 3011 872 3070 incurabili
909 3008 1058 3064 sanie
1089 3007 1238 3077 plena
1260 3043 1276 3070 ,
1306 3015 1469 3090 quam,
1497 3005 1580 3090 est
1612 2996 1732 3090 haec
1757 2993 1828 3048 de

231 3087 344 3167 fato
369 3119 422 3166 et
441 3107 508 3164 de
527 3107 731 3178 genesi.
751 3102 885 3157 Nam
909 3109 1261 3171 praeterquam
1289 3090 1431 3162 quod
1460 3087 1823 3178 blasphemam

231 3212 288 3258 et
312 3174 865 3270 impiam'doctrinam
913 3191 966 3245 in
1007 3185 1200 3242 animis
1243 3197 1430 3238 eorum
1477 3178 1703 3241 inserit,
1735 3174 1824 3244 qui

228 3292 600 3365 decipiuntur,
632 3295 688 3343 et
715 3285 781 3342 ad
813 3283 936 3340 talia
968 3281 1036 3336 de
1069 3280 1176 3334 Deo
1202 3273 1428 3365 dicenda
1459 3269 1678 3365 inducit,
1695 3281 1824 3365 quae

230 3401 301 3441 ne
343 3359 411 3439 de
452 3379 785 3437 dmmonibus
812 3375 1028 3446 quidem
1070 3367 1333 3441 quispiam
1377 3361 1612 3426 dixerit,
1658 3359 1823 3412 vitam

228 3475 392 3532 etiam
430 3468 710 3528 confundit
746 3475 984 3522 nostram
1010 3503 1026 3529 ,
1072 3457 1250 3515 omnia
1290 3453 1514 3510 tumultu
1555 3449 1825 3518 multaque

231 3561 632 3636 perturbatione
664 3557 868 3628 replet;
894 3569 959 3609 ac
985 3561 1337 3623 quascumque
1364 3544 1430 3598 ad
1453 3542 1750 3636 doctrinam
1773 3547 1825 3593 et

235 3634 666 3713 emendationem
689 3665 717 3704 a
741 3650 853 3704 Deo
871 3655 926 3703 et
944 3661 972 3699 a
993 3653 1202 3708 natura,
1232 3653 1434 3711 perque
1461 3634 1746 3706 prephetas
1773 3641 1826 3688 et

230 3755 449 3801 sanctos
476 3745 624 3798 viros
649 3740 862 3796 inducta
888 3745 1046 3800 sunt,
1075 3732 1302 3795 evertit,
1334 3727 1621 3784 labefactat
1648 3736 1702 3780 et
1730 3739 1821 3778 su-

230 3848 564 3909 pervacanea
609 3831 964 3887 demonstrat.
1004 3826 1081 3879 Ac
1122 3820 1342 3893 perinde
1381 3818 1507 3873 facit
1534 3833 1597 3871 ac
1621 3817 1666 3871 si
1705 3815 1825 3909 quis

233 3905 461 3996 corpore
489 3921 757 3980 infirmum
780 3960 796 3987 ,
839 3933 904 3972 ac
930 3915 1192 3971 medicina
1221 3919 1465 3982 egentem
1490 3949 1504 3974 ,
1544 3905 1825 3979 prmscnti-

230 4019 333 4075 bus
361 4033 424 4072 ac
450 4014 686 4072 remedia
713 4010 1022 4083 penatibus
1049 4005 1294 4071 medicis,
1326 3997 1567 4058 hoitetur
1596 4009 1653 4054 ut
1678 3999 1826 4053 nullo

232 4119 416 4165 utatur
441 4121 630 4162 eorum
653 4145 668 4169 ,
697 4117 798 4157 nec
827 4100 1084 4155 liberetur
1111 4111 1139 4150 a
1169 4094 1360 4150 morbo
1383 4134 1400 4161 ,
1440 4089 1825 4156 sedsocordize

233 4197 680 4269 negligentimque
701 4209 760 4248 se
780 4191 1004 4254 dedens,
1037 4186 1394 4242 miserrimam
1416 4190 1692 4253 exspectet
1714 4196 1825 4250 per-

234 4289 448 4344 niciem.
498 4288 691 4341 Annon
742 4284 860 4337 haec
902 4281 1067 4334 fatum
1109 4276 1280 4332 dicit?
1325 4274 1492 4329 Nemo
1535 4271 1822 4342 quidquam

231 4380 363 4434 utile
407 4377 715 4448 praecipiat;
762 4386 923 4427 nemo
968 4369 1147 4424 audiat
1194 4369 1360 4422 alium
1404 4364 1823 4421 cohortantem:

234 4469 429 4526 frustra
459 4470 603 4539 leges
627 4477 685 4524 et
709 4465 920 4536 judiees
940 4506 954 4529 ,
997 4461 1193 4517 frustra
1231 4460 1388 4514 mina:
1418 4466 1473 4512 et
1500 4453 1823 4511 admonitio-

233 4578 331 4619 nes
351 4605 368 4630 ,
399 4561 596 4617 frustra
637 4558 884 4629 supplicii
916 4564 1090 4610 metus
1113 4594 1129 4621 ,
1159 4551 1356 4607 frustra
1394 4550 1662 4614 honores,
1691 4561 1832 4616 pra:-

232 4657 339 4711 mia
360 4697 376 4723 ,
409 4655 600 4725 palmae
637 4653 777 4708 bene
801 4649 1098 4720 agentibus.
1133 4646 1190 4702 Si
1220 4659 1400 4700 curam
1429 4642 1627 4696 habeas
1646 4682 1661 4706 ,
1693 4639 1826 4694 nihil

232 4747 363 4802 hinc
392 4743 774 4808 emolumenti;
803 4742 848 4797 si
874 4739 1132 4810 negligas,
1165 4736 1296 4791 nihil
1321 4733 1522 4788 damni.
1551 4731 1628 4786 Ne
1652 4729 1719 4784 ad
1740 4730 1826 4783 lu-

233 4841 363 4896 dum
397 4854 526 4908 puer
555 4847 760 4908 pergat,
794 4851 862 4890 ne
883 4835 969 4895 vir.
986 4833 1198 4888 adultus
1226 4831 1367 4899 leges
1393 4828 1594 4891 audiat,
1623 4841 1691 4880 ne
1712 4827 1829 4881 aui-

235 4947 384 4987 mum
418 4931 667 4987 adhibeat
704 4929 941 4983 consiliis
983 4934 1037 4980 et
1065 4919 1538 4977 admonitionibus.
1567 4917 1704 4985 Quid
1733 4932 1827 4987 po-

234 5022 360 5079 terit
385 5021 578 5077 afferre
609 5019 794 5075 labor?
818 5016 976 5085 Quasi
1005 5030 1112 5069 non
1143 5013 1419 5068 saburrata
1449 5011 1618 5076 navis,
1653 5011 1828 5064 nautis

234 5121 290 5169 et
331 5110 776 5184 gubernatoribus
832 5106 1084 5161 deatituta
1110 5145 1125 5170 ,
1184 5102 1514 5172 tempestatis
1559 5099 1828 5154 violentia:

236 5203 403 5258 misso
431 5200 629 5257 mentis
652 5196 1034 5269 gubernaculo,
1060 5195 1138 5250 sic
1162 5194 1382 5250 feratur.
1407 5192 1590 5258 Visne,
1621 5205 1823 5261 qttzcso,

237 5295 674 5362 obtemperemus
694 5331 708 5355 ,
741 5287 984 5357 nihilque
1006 5285 1274 5340 faciamus
1312 5284 1455 5355 quod
1485 5283 1550 5338 ad
1579 5285 1700 5338 vitae
1727 5298 1826 5336 no-

237 5396 364 5442 str:e
395 5385 621 5440 salutem
662 5381 963 5452 pertineat?
995 5379 1211 5434 Interim
1252 5377 1728 5448 przetermiltantur
1764 5391 1828 5430 ea

237 5493 357 5547 qua:
385 5475 450 5529 ad
479 5474 710 5529 animam
739 5478 1012 5541 spectant,
1049 5470 1117 5524 de
1155 5468 1402 5538 praesenti
1444 5469 1552 5522 vita
1590 5467 1827 5521 dissera-

239 5582 380 5624 mus.
413 5564 984 5634 Obtemperahimusne
1023 5561 1134 5615 fato
1177 5561 1247 5615 ita
1291 5559 1517 5625 dicenti,
1546 5574 1716 5628 neque
1745 5558 1827 5614 fa-

240 5657 417 5713 mulos
444 5656 815 5725 delinquentes
844 5653 1122 5722 puniemus
1145 5693 1160 5718 ,
1190 5665 1362 5719 neque
1390 5649 1604 5704 lascivia
1641 5664 1827 5704 corru-

240 5758 362 5822 ptos
388 5748 728 5812 reduccmus,
754 5760 927 5816 neque
957 5744 1168 5814 iniquos
1191 5742 1257 5798 ad
1282 5742 1539 5813 judicium
1571 5756 1786 5813 agemus
1811 5785 1827 5809 ,

241 5856 416 5914 neque
456 5841 602 5912 leges
644 5837 962 5896 audiemus?
1008 5835 1215 5893 Vellem
1261 5835 1507 5907 equidem
1551 5835 1617 5891 ad
1665 5835 1830 5894 breve

1936 2811 2145 2875 tempus
2175 2806 2289 2864 haec
2317 2808 2452 2878 fieri,
2484 2821 2541 2867 ut
2566 2829 2625 2868 re
2651 2824 2704 2869 et
2727 2829 2890 2884 Opere
2922 2817 3270 2886 perniciosam
3303 2819 3440 2875 hanc
3467 2832 3522 2877 et

1932 2897 2210 2953 exitiosam
2238 2902 2500 2958 malorum
2522 2906 2830 2976 magistram
2859 2909 3164 2978 perspicere
3187 2914 3432 2980 possetis.
3464 2914 3522 2970 Si

1932 2987 2075 3040 enim
2111 3005 2333 3046 necesse
2368 3003 2452 3048 est
2489 2998 2710 3050 omnino
2736 3037 2752 3062 ,
2782 3009 2840 3050 ut
2867 3014 2987 3069 qua:
3018 3000 3069 3053 in
3110 2999 3225 3055 fato
3244 3012 3368 3057 sunt
3395 3019 3524 3058 eve-

1931 3080 2110 3145 niant,
2159 3089 2269 3136 tum
2313 3082 2680 3142 laborantibus
2705 3087 2862 3142 nobis
2889 3129 2904 3153 ,
2946 3099 3054 3143 tum
3095 3091 3521 3162 dormientibus,

1932 3169 2107 3223 nullus
2134 3172 2364 3240 agricola
2397 3173 2560 3229 boves
2581 3175 2807 3246 jungat,
2838 3180 2920 3233 vel
2951 3191 3188 3235 aratrum
3219 3182 3425 3251 trahat,
3457 3200 3524 3240 ne

1930 3261 2138 3316 sulcum
2166 3264 2394 3330 scindat,
2429 3282 2603 3336 neque
2631 3269 2836 3322 semina
2858 3269 3042 3339 jaciat,
3071 3287 3139 3326 ne
3163 3274 3285 3327 anni
3315 3283 3524 3345 tempus

1888 3392 1892 3398 .
1930 3362 2290 3421 opportunum
2316 3354 2604 3422 observet,
2634 3373 2702 3412 ne
2745 3360 2864 3428 gelu
2910 3369 2964 3414 et
2993 3362 3259 3416 assiduam
3290 3365 3521 3433 pluviam

1932 3443 2160 3508 toleret,
2192 3458 2260 3499 ne
2290 3445 2536 3501 miserias
2565 3457 2619 3502 et
2655 3448 2866 3504 labores
2894 3451 3188 3507 secundum
3229 3455 3353 3508 anni
3395 3471 3522 3525 spa-

1932 3536 2098 3601 tium;
2133 3536 2319 3592 falcem
2353 3554 2420 3593 ne
2448 3547 2622 3605 acuat,
2663 3557 2732 3596 ne
2760 3553 2996 3612 segetem
3022 3543 3280 3612 demetat,
3315 3564 3382 3604 ne
3410 3551 3520 3618 Spi-

1929 3642 2023 3682 cas
2049 3637 2215 3694 terat,
2254 3644 2322 3684 ne
2347 3631 2576 3700 plantet,
2605 3646 2671 3687 ne
2696 3633 2903 3702 plantas
2932 3635 3107 3701 colat;
3139 3652 3351 3692 omnem
3384 3641 3526 3709 agri-

1929 3718 2152 3773 cultura:
2177 3734 2363 3774 curam
2391 3721 2627 3790 abjieiat,
2648 3723 2794 3778 domi
2813 3725 3020 3794 sedeat,
3056 3743 3377 3800 semperque
3401 3732 3527 3786 dor-

1930 3811 2082 3878 miat,
2117 3812 2160 3866 si
2189 3813 2366 3867 omnia
2398 3814 2496 3884 ipsi
2520 3829 2552 3869 e
2577 3814 2685 3870 fato
2707 3817 2996 3883 pendeant,
3021 3833 3115 3873 sua
3139 3832 3328 3890 sponte
3348 3828 3525 3879 omnia

1928 3902 2068 3958 bona
2106 3904 2320 3959 domum
2363 3907 2579 3960 venient
2618 3923 2634 3959 :
2669 3908 2714 3962 si
2757 3919 2934 3962 autem
2974 3911 3028 3965 in
3067 3916 3392 3968 contrarium
3441 3915 3525 3971 fu-

1929 4009 2047 4047 sum
2085 3996 2302 4050 verterit
2348 3995 2576 4064 Clotho,
2630 4001 2873 4068 quamvis
2924 4003 3226 4057 sexcenties
3276 4005 3516 4072 laboret,

1930 4088 2108 4143 nullus
2136 4089 2235 4159 ipsi
2283 4090 2404 4144 linis
2445 4090 2684 4144 laborum
2719 4091 3087 4162 sudorumque
3133 4096 3254 4149 erit.
3284 4096 3391 4150 Cur
3422 4099 3523 4152 ita-

1929 4196 2033 4246 que
2061 4198 2166 4235 non
2206 4180 2322 4236 haec
2356 4183 2663 4252 prmcipitis,
2692 4183 2736 4237 si
2774 4200 2960 4239 revera
3008 4185 3112 4240 fato
3141 4187 3399 4242 creditis?
3425 4206 3524 4244 cur

1931 4289 2036 4329 non
2087 4274 2394 4336 hortamini.
2442 4284 2500 4329 ut
2545 4291 2730 4331 revera
2772 4275 2990 4332 discatis
3025 4294 3144 4347 quae
3179 4279 3317 4334 bona
3355 4280 3529 4335 fatum

1932 4368 2147 4438 pariat?
2175 4369 2265 4423 Vis
2295 4368 2426 4423 mihi
2455 4368 2742 4425 ostendere
2772 4370 2898 4439 quid
2923 4386 3046 4425 vere
3074 4372 3146 4425 sit
3185 4370 3298 4426 fato
3323 4376 3524 4427 consti-

1932 4463 2142 4518 tutum?
2165 4462 2324 4517 Solve
2345 4461 2754 4531 agriculturam,
2790 4462 2921 4517 tolle
2944 4465 3233 4529 nauticam,
3263 4467 3414 4520 mitte
3440 4482 3527 4519 ar-

1934 4563 2015 4609 tes
2037 4568 2259 4619 omnes,
2303 4569 2423 4623 qua:
2462 4554 2528 4606 ad
2559 4553 2721 4608 vitam
2764 4555 3067 4622 pertinent,
3100 4569 3170 4609 ne
3193 4556 3262 4609 sit
3297 4556 3529 4610 arehite~

1931 4656 2066 4710 etus,
2102 4661 2208 4699 non
2238 4645 2478 4710 mrarius,
2512 4661 2618 4699 non
2652 4655 2844 4709 textor,
2877 4660 2946 4700 ne
2976 4645 3112 4699 alius
3139 4647 3401 4717 quispiam
3431 4663 3527 4701 ar-

1934 4747 2040 4793 tem
2086 4737 2376 4808 quamlibet
2419 4747 2609 4792 tractet
2647 4736 2714 4792 ad
2759 4737 2919 4792 vitam
2965 4749 3202 4792 nostram
3246 4739 3527 4792 conferen-

1933 4840 2038 4886 tem
2060 4874 2074 4895 ,
2107 4840 2160 4885 et
2191 4841 2316 4884 tunc
2343 4830 2486 4885 clare
2514 4831 2722 4885 videbis
2746 4870 2761 4895 ,
2790 4829 2966 4899 qualia
3006 4830 3115 4884 sint
3145 4829 3236 4883 fati
3268 4831 3486 4899 pignora
3508 4874 3529 4895 ,

1932 4932 2058 4978 tunc
2089 4921 2211 4976 illud
2240 4922 2461 4991 pulchre
2491 4922 2710 4986 senties,
2745 4931 2869 4976 tunc
2899 4922 3016 4989 ejus
3043 4920 3531 4975 immutabilitatem

1933 5012 2242 5083 perspicies.
2273 5012 2384 5069 Sed.
2413 5012 2540 5083 quid
2565 5022 2708 5068 artes
2737 5012 2858 5067 dico
2877 5054 2892 5078 ,
2921 5027 3043 5081 qua:
3077 5012 3240 5066 vitam
3288 5023 3530 5066 nostram

1931 5103 2243 5160 continent?
2295 5102 2450 5158 Stcnt
2493 5113 2678 5168 artes,
2729 5103 3040 5172 nullamque
3094 5102 3380 5172 repudies;
3431 5104 3533 5157 sed

1932 5197 2181 5251 omnibus
2226 5211 2325 5251 suo
2365 5196 2424 5250 in
2465 5195 2654 5250 ordine
2691 5194 3066 5257 manentibus,
3123 5195 3348 5264 quisque
3395 5194 3527 5248 nihil

1932 5303 2152 5342 suorum
2183 5287 2358 5353 curet,
2390 5301 2489 5342 nec
2514 5286 2581 5340 de
2609 5301 2668 5340 re
2697 5285 2990 5340 domestica
3019 5284 3088 5338 sit
3115 5286 3404 5349 sollicitus,
3433 5286 3529 5340 sed

1932 5379 2108 5432 omnia
2131 5376 2240 5432 fato
2263 5376 2681 5432 administranda
2711 5376 3026 5440 committat,
3055 5384 3109 5430 et
3130 5375 3266 5431 hanc
3288 5375 3406 5445 ejus
3431 5378 3532 5430 uti—

1934 5469 2140 5524 litatem
2170 5469 2324 5532 sciet,
2357 5467 2572 5538 quando
2599 5456 2772 5521 tortus
2796 5474 2852 5521 et
2889 5465 3068 5536 flagris
3097 5482 3270 5521 caesus
3302 5467 3534 5536 vectigal

1934 5561 2143 5615 solvere
2173 5567 2415 5630 cogetur,
2448 5569 2646 5613 etcum
2677 5565 2927 5626 nequeat,
2955 5556 3024 5610 ad
3051 5555 3140 5610 fati
3161 5555 3532 5612 defensionem

1934 5649 2238 5721 confugiet,
2279 5649 2564 5718 nullusque
2597 5648 2696 5718 ipsi
2727 5646 2988 5701 attendct.
3033 5646 3322 5716 Quousque
3352 5657 3532 5702 mente

1935 5744 2086 5814 pueri
2130 5742 2372 5798 erimus?
2413 5754 2694 5811 quousque
2727 5737 2992 5792 delirandi
3025 5738 3184 5792 finem
3214 5752 3321 5791 non
3361 5737 3526 5792 faeie-

1941 5833 2103 5890 mus?
2132 5845 2410 5905 quousque
2448 5840 2554 5888 non
2580 5843 2933 5902 agnoscemus
2963 5843 3304 5885 communem
3343 5825 3528 5884 Domi-
