4066 6424
226 402 329 461 ’ῖθἹ

217 551 345 600 τεςς
393 534 556 605 μέχρι
602 533 746 598 τίνος
780 536 878 587 οὐκ
912 533 1331 592 ἐπιγνωσόιιεθα
1372 533 1462 584 τὸν
1497 530 1673 584 κοινὸν
1708 529 1807 578 Δεο·

218 621 449 690 σπότηνς
470 621 528 672 Εἰ
546 616 780 688 φαύλους
795 614 890 669 καλ⁵
902 616 1141 684 ἀγαθοὺς
1156 618 1201 671 εἱ
1210 611 1460 685 μαρμένη
1480 616 1644 676 ποιεῖ,
1661 610 1805 672 τίνος

213 708 408 762 ἕνεκεν
442 711 730 778 παραινεῖς
768 704 846 775 τῷ
882 705 1053 766 παιδὶ,
1099 706 1245 766 τίνος
1278 704 1464 756 ἕνεκεν
1492 702 1801 761 νουθετεῖςς

221 796 409 849 Πάντα
450 798 571 865 εἰκῇ
606 795 700 847 καὶ
745 795 942 864 μάτην.
975 794 1038 845 Εἰ
1084 790 1377 854 πλουσίους
1419 791 1516 843 καὶ
1560 790 1805 857 πένητας

218 887 385 947 ποιεῖ,
520 883 743 954 πέμψῃς
776 884 859 944 είς
891 879 1260 941 διδασκαλεῖα,
1303 879 1377 949 μὴ
1411 878 1645 948 πορίσῃς
1671 878 1807 947 χρήι

224 988 390 1039 ματα,
422 971 495 1040 μὴ
532 971 745 1042 πράξῃς
778 969 914 1039 μηδέ
944 969 1001 1020 ἓν
1034 967 1144 1019 τῶν
1182 966 1496 1036 δυναμένων
1526 964 1677 1034 αὑτῷ
1706 963 1804 1035 τὴν

217 1059 412 1111 οὐσίαν
433 1058 687 1127 αὐξῆσαι,
717 1059 817 1111 ἀλλ
832 1060 844 1077 ’
869 1058 1162 1127 ἐπίτρεψον
1178 1060 1245 1126 τῇ
1266 1055 1579 1125 εἱμαρμένῃ
1596 1056 1663 1108 τὰ
1684 1056 1803 1107 κατ’

219 1146 403 1199 αὑτόν.
450 1146 589 1198 Ἀλλ’
619 1147 720 1198 οὑκ
753 1146 941 1215 ἀνέχῃ.
978 1146 1142 1214 Ὁρᾷς
1171 1145 1288 1206 πῶς
1319 1145 1377 1195 ἐν
1409 1145 1523 1205 τοῖς
1557 1142 1805 1196 ἐλάττοσι

215 1233 515 1286 διαπιστῶν
546 1235 717 1302 αὐτῆς
745 1232 844 1303 τὴν
871 1233 1122 1303 δύναμιν,
1154 1234 1213 1285 ἐν
1242 1232 1356 1293 τοῖς
1393 1230 1639 1299 μείζοσιν
1665 1230 1803 1301 αὑτῇ

222 1321 535 1385 πιστεύειςς
560 1322 623 1373 Ei
651 1322 761 1390 γάρ
796 1321 967 1383 ὅντως
1000 1318 1313 1390 εἱμαρμένη
1343 1320 1514 1382 ἐστὶν,
1555 1319 1689 1387 άφες
1713 1320 1804 1371 τὸν

217 1410 383 1462 παῖδα
423 1409 515 1461 καὶ
544 1409 800 1477 πονηροῖς
830 1406 1056 1476 ἀνδράσι
1086 1405 1473 1474 συγγίνεσθαι,
1522 1405 1620 1459 καὶ
1664 1403 1806 1474 μετὰ

215 1486 633 1568 διεφθαρμένων
660 1493 1071 1565 διαφθείρεσθαι
1095 1511 1109 1525 ·
1134 1494 1357 1556 πάντως
1382 1492 1447 1546 ἂν
1469 1495 1803 1565 εἱμαρμένον

216 1584 368 1654 αὑτῴ
406 1585 501 1637 καὶ
528 1583 914 1653 κεκλωσμένον
947 1577 1004 1654 ᾖ,
1043 1581 1142 1634 καὶ
1186 1582 1271 1633 σοὶ
1306 1579 1655 1650 χρησιμεύει.
1691 1582 1803 1635 Καὶ

216 1672 329 1742 γάρ
358 1672 548 1734 ὅντως,
572 1671 759 1741 φησὶν,
782 1668 954 1731 ὅντως
976 1666 1112 1737 ἐστί.
1133 1667 1293 1731 Τίνος
1322 1663 1417 1720 οὖν
1445 1668 1636 1721 ἕνεκεν
1659 1671 1805 1739 πρά-

218 1774 405 1827 γματα
439 1759 533 1811 καὶ
566 1756 750 1825 σαυτῷ
777 1756 1040 1827 παρέχεις
1069 1757 1157 1809 καὶ
1198 1757 1399 1827 ἑτέρως
1436 1757 1545 1810 Καὶ
1574 1758 1626 1810 τί
1659 1756 1805 1826 λέγω

204 1845 427 1898 παίδων
454 1846 661 1904 ἕνεκεν,
688 1844 823 1897 ὅπου
845 1859 910 1911 γε
939 1843 1060 1896 οὑδὲ
1081 1843 1172 1894 ἐπὶ
1203 1844 1431 1895 οἰκετῶν
1461 1842 1628 1914 ἀνέξῃ
1647 1844 1807 1897 τοῦτο

218 1934 415 1993 ποιεῖν,
430 1931 563 1985 ἀλλὰ
582 1932 677 1984 καὶ
693 1929 937 1992 ἀπειλεῖς
953 1930 1049 1982 καὶ
1069 1928 1275 1997 φοϐεῖς,
1294 1928 1390 1983 καὶ
1404 1928 1581 1982 πάντα
1606 1930 1806 2001 τρόπον

219 2023 411 2084 κινεῖς,
436 2020 583 2081 ὅπως
610 2018 834 2086 γένηταί
863 2034 944 2071 σοι
969 2016 1130 2079 καλὸς
1156 2021 1185 2071 6
1206 2018 1449 2087 οἰκέτης,
1478 2019 1571 2070 καλ⁵
1585 2018 1647 2071 οὐ
1674 2019 1805 2091 θαρ-

222 2109 335 2177 ῥεῖς
360 2109 424 2177 τῇ
460 2106 703 2174 γενέσει;
736 2104 779 2156 Τ
785 2104 970 2167 ίνοςαδὲ
992 2103 1181 2157 ἐνεκεν
1206 2103 1377 2158 κακὸν
1397 2106 1689 2175 γενόμενον
1715 2125 1808 2161 κο-

217 2192 440 2257 λάξεις;
473 2193 535 2244 οὑ
571 2192 682 2262 γὰρ
728 2190 895 2245 αὑτοῦ
935 2192 996 2243 τὸ
1036 2192 1343 2263 ἁμάρτημα
1388 2192 1637 2260 γέγονεν,
1669 2193 1807 2247 ἀλλά
1851 2252 1853 2255 ,

213 2283 318 2350 ’τῆς
347 2278 597 2349 ὠθούσης
638 2279 926 2347 γενέσεως.
966 2278 1124 2341 Τίνος
1151 2278 1209 2331 δὲ
1243 2279 1429 2333 ἕνεκεν
1454 2280 1619 2333 καλὸν
1652 2283 1807 2349 γενό-

213 2383 384 2439 μενον
414 2370 657 2430 ἐπαινεῖς
684 2383 699 2430 ;
734 2367 796 2419 οὑ
841 2366 952 2435 γάρ
983 2365 1148 2419 αὑτοῦ
1188 2365 1251 2418 τὸ
1280 2366 1634 2439 κατόρθωμα,
1671 2368 1808 2424 ἀλλά

216 2454 319 2525 τῆς
346 2454 614 2520 γενέσεως
633 2470 644 2482 ’
672 2453 873 2523 μᾶλλον
893 2453 948 2506 δὲ
968 2452 1093 2506 οὔτε
1118 2452 1302 2517 καλὸς,
1316 2453 1441 2509 οὔτε
1458 2457 1625 2520 κακὸς
1652 2456 1806 2512 ἔσται

217 2557 323 2603 τις.
385 2541 443 2592 '0
475 2540 587 2611 γὰρ
624 2540 755 2609 παρ’
792 2539 985 2593 ἑαυτοῦ
1027 2540 1322 2612 μηδέτερον
1359 2540 1565 2597 τούτων
1612 2545 1803 2611 ποιῶν,

214 2628 337 2681 ἀλλ’
367 2627 635 2699 ἑτέρωθεν
685 2627 786 2697 τὴν
817 2628 1067 2697 ἀνάγκην
1111 2628 1437 2698 δεχόμενος,
1479 2629 1604 2684 οὗτε
1646 2633 1808 2687 τοῦτο

214 2715 401 2777 ἔσται,
454 2713 580 2767 οὔτε
632 2716 830 2768 ἐκεῖνο.
880 2714 1039 2777 Τίνος
1094 2711 1189 2769 οὖν
1239 2717 1427 2771 ἕνεκεν
1474 2720 1807 2792 ἐπαινοῦμεν

216 2802 457 2873 άνδραςς
492 2801 639 2864 τίνος
674 2801 730 2854 δὲ
764 2801 953 2855 ἐνεκεν
984 2802 1263 2873 ψέγομεν;
1292 2804 1437 2868 τίνος
1468 2806 1657 2861 ἕνεκεν
1711 2811 1810 2863 ἐπ-

216 2891 507 2959 αρώμεθα,
530 2888 673 2950 τίνος
692 2887 879 2941 ἕνεκεν
897 2888 1271 2960 συνευχόμεθα
1294 2892 1501 2961 ἑτέροις
1516 2910 1531 2958 ;
1548 2896 1712 2967 Ὁρᾷς
1729 2899 1809 2961 είς

214 2978 354 3048 ὅσην
382 2979 529 3047 ἡμᾶς
552 2976 777 3045 ἀλογίαν
796 2980 823 3030 6
843 2976 944 3046 τῆς
969 2978 1315 3049 εἱμαρμένης
1343 2981 1583 3050 ἐξήγαγε
1616 2983 1804 3052 λόγος;

216 3065 409 3128 Οὐδείς
436 3066 553 3117 ἐστι
593 3062 846 3134 σώφρων,
885 3065 1059 3127 οὐδείς
1093 3066 1240 3119 ἐστιν
1272 3068 1589 3134 ἀκόλαστος,
1633 3072 1808 3137 οὐδείς

216 3154 337 3205 ἐστι
375 3151 738 3221 πλεονέκτης,
785 3150 959 3213 οὐδείς
990 3153 1105 3204 ἐστι
1140 3153 1379 3217 δίκαιοςσ
1412 3156 1681 3227 ἀνῄρηται
1712 3162 1808 3212 καὶ

217 3239 387 3311 ἀρετὴ
416 3238 510 3292 καὶ
549 3237 746 3300 κακία,
782 3236 878 3289 καὶ
918 3238 1095 3308 μάτην
1135 3238 1286 3311 [⁵771]
1323 3243 1401 3305 είς
1439 3243 1532 3296 τὸν
1562 3246 1807 3315 παρόντα

215 3324 411 3379 τοῦτον
449 3325 565 3395 βίον
614 3322 960 3395 ὑπήχθημεν,
995 3324 1196 3395 μᾶλλον
1240 3326 1297 3379 δὲ
1335 3329 1395 3379 οὑ
1444 3330 1642 3400 μάτην,
1672 3333 1808 3388 ἀλλὰ

216 3414 315 3466 καὶ
335 3414 429 3467 ἐπὶ
458 3411 633 3483 κακῷ.
661 3413 787 3476 Πῶς
807 3412 914 3482 γάρ
938 3415 1039 3466 οὑκ
1065 3413 1265 3467 ἄτοπον
1295 3416 1554 3471 ὠθεῖσθαι
1581 3420 1679 3490 μὲν
1702 3422 1808 3476 ὑπὸ

216 3501 320 3573 τῆς
352 3500 598 3568 ἀνάγκης
622 3500 719 3570 τῆς
759 3500 1030 3568 γενέσεως
1059 3504 1139 3565 εἰς
1174 3502 1397 3568 κακίαν,
1429 3507 1591 3561 πάλιν
1614 3509 1671 3562 δὲ
1702 3510 1807 3563 ὑπὸ

214 3589 319 3659 τῆς
350 3586 473 3657 βίας
507 3587 680 3657 αὐτῆς
718 3586 925 3657 ταύτης
966 3587 1122 3659 δίκην
1169 3588 1369 3644 διδόναι
1411 3594 1511 3664 τὴν
1543 3597 1805 3669 ἐσχάτην,

213 3674 336 3729 δέον
384 3671 685 3735 ἐλεεῖσθαι,
734 3673 853 3726 δέον
892 3675 1296 3744 ταλανίζεσθαι,
1346 3681 1441 3733 καὶ
1473 3683 1804 3753 μισούμεθα,

217 3761 315 3813 καὶ
342 3758 703 3829 κολαζόμεθα,
728 3760 847 3813 δέον
875 3762 1172 3831 τιμᾶσθαι;
1205 3764 1310 3817 Τὸν
1331 3766 1684 3839 ἀδικούμενον
1713 3773 1807 3825 καὶ

218 3846 343 3916 βίαν
373 3847 636 3913 παθόντα,
666 3849 786 3918 οὑχὶ
821 3849 1167 3913 κολάζεσθαι,
1203 3852 1341 3906 ἀλλά
1362 3857 1628 3925 τιμᾶσθαι
1662 3861 1769 3933 χρή
1788 3876 1804 3892 ο

216 3939 379 4005 ἡμεῖς
402 3936 458 3988 δέ
482 3936 575 3989 καὶ
605 3936 970 4007 ἀδικούμεθα,
1012 3941 1105 3993 καὶ
1132 3942 1408 4013 τιμωρίαν
1435 3946 1804 4017 ὑπομένομεν.

216 4023 284 4075 Τί
330 4024 522 4076 τούτου
556 4024 753 4087 γένοιτ’
794 4025 862 4077 ἂν
904 4025 1268 4097 ἀλογώτερον,
1319 4031 1463 4101 ὑπὲρ
1498 4026 1574 4087 ὧν
1618 4035 1806 4100 κακῶς

217 4111 519 4180 πάσχοντες
538 4110 862 4174 ώθισθέντες
882 4113 1020 4182 πρὸς
1046 4116 1275 4181 κακίαν,
1292 4118 1434 4190 ὑπὲρ
1475 4120 1683 4175 τούτων
1713 4128 1807 4179 καὶ

214 4199 492 4269 τιμωρίαν
530 4198 767 4262 διδόναι;
821 4200 1115 4269 Ἐποίησεν
1165 4204 1559 4279 άνδροφόνονὴ
1607 4213 1808 4284 είμαρ-

219 4285 357 4355 μένη
384 4326 399 4349 ,
445 4286 543 4339 καὶ
572 4286 670 4357 τὴν
717 4286 898 4358 ψυχὴν
945 4287 1174 4341 ἀπαιτεῖ
1204 4290 1336 4343 ἀνθ’
1378 4284 1455 4346 ὧν
1490 4294 1806 4366 ὑπήκουσεν

212 4373 353 4441 αὐτῇ
380 4389 394 4404 ο
448 4373 502 4426 τί
526 4374 743 4437 ,τούτου
784 4373 1193 4447 βλαϐερώτερον
1230 4378 1409 4449 δόγμα
1442 4382 1657 4449 γένοιτο
1699 4386 1802 4451 άν;

217 4459 431 4530 Ὠσπερ
474 4458 541 4513 ἂν
587 4460 747 4524 εἴτις
779 4463 862 4525 εἰς
903 4462 966 4515 τὸ
997 4463 1274 4535 βάραθρον
1302 4467 1554 4537 ώθήσας,
1582 4472 1676 4525 καὶ
1702 4491 1804 4527 κα·

210 4545 463 4600 ταλαϐὼν
490 4547 582 4600 τὸν
612 4550 1019 4619 κρημνισθέντα
1044 4590 1059 4615 ,
1091 4554 1256 4607 πάλιν
1307 4557 1584 4627 τιμωρίαν
1634 4560 1805 4615 άπαι-

211 4634 335 4723 τοίη
380 4635 591 4690 τούτων
629 4637 855 4692 ἐνεκενο
909 4639 940 4711 ἢ
992 4640 1186 4713 ὥσπερ
1227 4643 1296 4697 ἂν
1330 4644 1385 4696 ετ
1425 4661 1512 4710 τις
1547 4646 1805 4723 βαρϐάρᾳ

210 4721 474 4795 δεσποίνῃ
494 4724 802 4793 ’παραδούς
830 4725 1165 4794 αἰκίζεσθαι,
1193 4732 1290 4784 καὶ
1322 4734 1539 4804 μυρίοις
1569 4721 1805 4807 περιϐαξ

211 4808 326 4861 λεῖν
369 4812 597 4872 κακοῖς,
628 4811 721 4863 τὸν
753 4814 1197 4886 παραδεδομένον
1247 4820 1387 4890 ὑπὲρ
1429 4823 1529 4891 τῆς
1553 4822 1802 4892 δουλείας

211 4895 310 4949 καὶ
339 4895 439 4965 τῆς
473 4897 852 4966 αἰχμαλωσίας
882 4898 1109 4955 ἀπαιτοῖ
1134 4906 1429 4976 τιμωρίαν.
1463 4904 1611 4982 Ἀρά
1634 4929 1687 4965 τι
1716 4914 1804 4981 γέ.

210 4997 358 5073 νοιτο
378 4983 449 5073 άν
469 4983 661 5073 τούτου
692 4986 1056 5059 ἀλογώτερον,
1092 4992 1216 5045 εἰπέ
1247 5010 1370 5062 μοι,
1405 4995 1438 5066 ἢ
1470 4997 1801 5073 ἀθλιώτερον

209 5066 306 5157 τού
326 5067 521 5137 γένους
539 5069 750 5136 τούτου;
766 5073 827 5155 Et
844 5072 1011 5127 ταῦτα
1028 5076 1270 5141 τοιαῦτα,
1286 5081 1375 5132 καὶ
1390 5083 1578 5157 ἐχθροὶ
1592 5087 1692 5156 μὲν
1708 5066 1802 5142 καὶ

210 5156 464 5227 πολέμιοι
504 5160 619 5222 τοῖς
662 5162 844 5215 αὑτῶν
884 5162 1167 5235 πολεμίοις
1200 5170 1346 5222 ἴσασι
1380 5156 1797 5243 συγγινώσκειν,

208 5244 339 5335 δταν
366 5245 593 5335 ἄκοντες
620 5248 717 5300 καὶ
738 5249 814 5319 μὴ
833 5249 1150 5321 βουλόμενοι
1181 5256 1461 5333 πράττωσί
1492 5280 1546 5315 τι
1568 5264 1677 5316 τῶν
1704 5284 1797 5335 χα-

207 5332 540 5389 λεπωτάτων
564 5338 773 5401 αὐτοῖς’
801 5341 906 5410 ἡδὶ
932 5344 1243 5418 είμαρμένη
1260 5332 1375 5411 τοῖς
1399 5351 1680 5421 ὑπηκόοις,
1704 5332 1799 5411 καὶ

210 5421 389 5476 πάντα
416 5423 777 5494 πειθομένοις,
799 5429 1004 5497 μᾶλλον
1030 5430 1086 5485 δέ
1107 5439 1674 5508 κατηναγκασμένοις,
1696 5446 1798 5498 οὑκ

207 5507 414 5562 εἵσεται
450 5510 807 5600 συγγνώμην,
851 5516 968 5568 ἀλλ’
998 5517 1138 5589 ὑπὲρ
1164 5513 1239 5573 ὧν
1287 5507 1487 5587 αὐτοὺς
1517 5531 1796 5600 κατηνάγ-

206 5609 345 5650 κασε
377 5595 606 5667 πρᾶξαι,
629 5598 772 5671 ὑπὲρ
791 5601 901 5656 τῶν
929 5604 1113 5657 αὑτῶν
1135 5606 1335 5673 αὑτοὺς
1352 5609 1581 5666 ἀπαιτεῖ
1604 5595 1760 5690 δίκην
1776 5636 1791 5650 ⁸

206 5682 363 5744 ποῖος
393 5683 650 5755 φορυτὺς,
684 5691 836 5751 ποῖος
873 5689 1222 5764 λαϐύρινθος,
1262 5696 1388 5751 ποία
1420 5699 1555 5771 ζάλῃ
1586 5682 1793 5776 ταύτην

262 5805 295 5837 ³⁵
319 5803 454 5854 εοῖδ.
484 5810 709 5872 βαρϐάρῳ
730 5814 973 5875 δεσποίνῃ.

520 5893 783 5964 Pyrum.
830 5902 947 5961 Gn.
1002 5905 1065 5965 L.

1308 414 1396 468 DE
1434 409 1616 467 ΡΛΤο
1659 404 1745 460 ΕΤ
1782 400 2268 471 ιιιιυγιυΕΝτιΑ.
2293 401 2383 490 δν.

3395 401 3502 459 768

1910 523 2212 593 μιμήσεται
2250 522 2352 593 τὴν
2389 521 2675 593 σύγχυσιν,
2706 521 2827 575 εἶπέ
2867 539 2990 593 pm;
3016 523 3130 576 Ούκ
3158 523 3362 592 ἤρκεσέ
3406 542 3499 593 μοι

1907 610 2110 681 τρόπος
2136 606 2219 674 εἷς
2253 610 2473 673 ἀδικίας
2496 648 2513 674 ,
2547 610 2630 661 ὅτι
2669 598 2835 680 μηδὲν
2874 609 3142 681 ἁμαρτὼν
3189 612 3270 674 εἰς
3302 612 3505 667 κακίαν

1905 698 2279 770 ἐμϐέϐλημαι,
2325 698 2422 752 καὶ
2454 698 2535 752 ὅτι
2564 698 2754 769 ἕτερος
2786 698 2953 769 μηδὲν
2979 698 3339 771 κατορθώσας
3367 701 3503 769 ἀγαο

1907 786 1998 849 θὸς
2048 787 2279 855 γίνεται,
2317 788 2412 839 καὶ
2442 787 2609 856 τιμῆς
2663 786 2965 840 ἀπολαύει⁵
3014 789 3116 841 οὑκ
3158 788 3322 858 ἀρκεῖ
3361 788 3505 860 αὕτη

1909 876 2048 946 μόνη
2081 878 2115 947 ἡ
2148 877 2355 940 ἀδικία,
2382 878 2465 929 ὅτι
2495 876 2683 939 ἁπλῶς
2713 877 2807 929 καὶ
2838 877 3052 945 ἀλόγως
3083 879 3178 930 καὶ
3206 877 3309 947 ἐμὲ
3335 879 3506 931 κακὸν

1904 964 2152 1036 ἐποίησε,
2185 967 2280 1018 καὶ
2306 968 2515 1019 ἐκεῖνον
2549 965 2735 1027 καλὸν,
2762 965 2900 1018 ἀλλὰ
2928 967 3024 1018 καὶ
3049 966 3245 1036 ἑτέραν
3274 965 3506 1036 προστί-

1906 1053 2087 1125 θησιν.
2126 1055 2224 1107 καὶ
2273 1055 2397 1108 οὑδέ
2438 1055 2541 1125 τὴν
2582 1054 2692 1107 τῶν
2740 1053 3048 1126 ἀνθρώπων
3097 1053 3505 1124 δικαιοκρισίαν

1908 1146 2161 1213 μιμεῖται
2184 1159 2197 1172 ·
2235 1144 2351 1196 ἀλλ’
2386 1142 2437 1195 οἱ
2478 1143 2576 1213 μὲν
2609 1142 2913 1211 ἄνθρωποι,
2941 1140 3088 1194 οὕτω
3123 1140 3507 1213 φιλάνθρωποι

1905 1232 2000 1284 καὶ
2028 1233 2229 1303 ἥμεροι
2253 1273 2268 1297 ,
2301 1232 2378 1294 ὡς
2410 1230 2643 1301 διαιρεῖν
2688 1230 2758 1284 τὰ
2788 1228 3026 1283 ἀκούσια
3052 1229 3161 1282 τῶν
3196 1228 3462 1283 ἑκουσίων
3486 1245 3503 1261 ο

1903 1322 1938 1389 ἡ
1974 1321 2032 1373 δὲ
2062 1320 2131 1374 τὰ
2161 1318 2481 1391 ἀνθρώπινα
2505 1319 2785 1372 διοικοῦσα
2811 1317 3026 1391 ἐριννύς
3058 1336 3145 1383 τις
3170 1317 3264 1372 καὶ
3294 1318 3507 1389 δαίμων

1907 1408 2179 1479 πονηρὸς,
2216 1407 2361 1460 οὕτω
2402 1406 2581 1461 πάντα
2615 1410 2830 1477 συγχεῖ.
2869 1407 2933 1461 Εἰ
2967 1408 3068 1479 μὲν
3097 1404 3193 1460 οὖν
3242 1406 3341 1459 οὑκ
3388 1404 3507 1459 ἐστι

1906 1497 2038 1559 Θεὸς
2060 1498 2088 1548 6
2122 1495 2297 1548 ταῦτα
2323 1494 2559 1566 ἐφορῶν,
2592 1494 2878 1565 ἐλέγχεται
2917 1496 3016 1565 μὲν
3048 1497 3076 1548 6
3103 1493 3266 1562 λόγος
3299 1494 3506 1563 ἐτέρω-

1908 1582 2020 1636 θεν.
2054 1582 2129 1635 Οὑ
2157 1584 2265 1652 γάρ
2287 1582 2512 1635 δυνατὸν
2536 1583 2592 1635 ἐν
2616 1582 2840 1651 εὐταξία
2864 1582 3103 1653 τοσαύτῃ
3134 1581 3393 1651 πρόνοιαν
3430 1581 3507 1650 μὴ

1907 1666 2066 1723 εἶναι.
2102 1669 2251 1740 Πλὴν
2293 1672 2342 1722 εί
2374 1670 2475 1739 μὲν
2534 1670 2634 1722 οὑκ
2662 1668 2779 1722 ἐστι
2808 1668 2963 1733 Θεὸς,
2994 1668 3114 1731 πῶς
3149 1668 3287 1732 ὅλως
3333 1668 3508 1721 ταῦτα

1908 1758 2273 1828 συνέστηκεν;
2304 1758 2353 1809 εί
2386 1756 2443 1809 δέ
2475 1757 2615 1820 ἐστι,
2649 1755 2765 1820 πῶς
2795 1756 2974 1810 ταῦτα
3007 1757 3279 1827 περιορᾷ;
3312 1755 3378 1816 Et
3406 1757 3509 1825 μέν

1905 1844 2016 1916 γὰρ
2045 1845 2207 1908 αὐτὸς
2237 1843 2515 1914 ἐποίησεν,
2533 1844 2635 1913 ὅρα
2654 1844 2754 1914 τὴν
2788 1842 3065 1905 ἀσέϐειαν,
3092 1843 3188 1895 καὶ
3210 1842 3313 1911 τῆς
3339 1841 3482 1912 βλασ
3500 1872 3513 1884 -

1908 1933 2121 2003 φημίας
2189 1933 2289 1996 τὴν
2348 1931 2695 2001 ὑπερϐολήν
2748 1931 2797 1983 εί
2829 1930 2885 1983 δέ
2915 1931 3017 1983 οὑκ
3062 1929 3307 2001 ἐποίησε.
3350 1931 3508 1998 γενό-

1911 2037 2049 2089 μενα
2073 2020 2129 2073 δὲ
2154 2021 2407 2090 περιορᾷ,
2441 2019 2607 2072 πάλιν
2632 2020 2734 2072 οὑκ
2764 2018 2988 2071 ἔλαττον
3017 2018 3113 2071 τοῦ
3143 2017 3416 2088 προτέρου
3445 2018 3510 2071 τὺ

1907 2109 2182 2179 ἔγκλημα.
2233 2110 2398 2179 Ὀρᾶς
2439 2107 2560 2172 πῶς
2606 2107 2952 2177 πανταχόθεν
3008 2110 3432 2178 στενοχωρεῖται
3479 2108 3510 2159 6

1906 2194 2177 2258 διάϐολος,
2211 2195 2556 2249 συνελαύνων
2587 2196 2715 2259 τοὺς
2747 2195 3073 2266 ἀνθρώπους
3105 2197 3187 2258 εἰς
3222 2195 3324 2266 τὴν
3368 2195 3512 2249 κατά

1906 2283 2001 2338 τοῦ
2035 2285 2311 2337 Δεσπότου
2346 2285 2587 2355 μανίαν;
2623 2283 2814 2337 Βούλει
2847 2301 2915 2354 με
2946 2287 3159 2348 πεῖσαι,
3188 2284 3273 2337 ὅτι
3311 2285 3511 2357 εἱμαρ-

1911 2372 2048 2445 μένῃ
2073 2372 2257 2443 πείθῃ,
2279 2375 2374 2426 κα¹ι
2396 2372 2641 2442 νομίζεις
2667 2368 2807 2427 εἷναί
2833 2389 2888 2425 τι
2918 2372 3099 2442 δόγμα
3122 2389 3139 2437 ;
3162 2374 3255 2443 Μὴ
3286 2371 3509 2440 ἐγκάλει

1912 2463 2280 2535 μοιχευομένῃ
2304 2463 2548 2531 γυναικὶ,
2587 2462 2721 2532 μηδὲ
2752 2460 3002 2532 πλησθῇς
3024 2460 3222 2532 θυμοῦ,
3263 2461 3398 2532 μηδὲ
3428 2463 3511 2523 είς

1911 2547 2062 2620 [772]
2086 2551 2369 2621 κριτήριον
2390 2549 2650 2604 δικαστοῦ
2675 2550 2890 2620 ἀγάγῃς
2914 2549 3005 2602 τὸν
3032 2548 3356 2619 μοιχόν.“Αν
3386 2547 3507 2622 ἴδῃς

1906 2640 2085 2707 τοῖχον
2117 2638 2555 2709 διορυττόμενον,
2595 2636 2669 2708 μὴ
2704 2635 2943 2708 ἐπιλάϐῃ
2970 2635 3066 2689 τοῦ
3097 2634 3506 2704 διορύττοντος,

1911 2726 2047 2794 μηδὲ
2080 2725 2398 2796 ἀπαιτήσῃς
2420 2724 2576 2795 δίκην
2600 2741 2614 2754 ·
2650 2724 2711 2777 ού
2745 2722 2856 2793 γάρ
2884 2721 3030 2776 ἐκὼν
3061 2721 3225 2776 τοῦτο
3257 2721 3510 2792 ἐποίησε,

1908 2801 2091 2877 καθὼς
2117 2814 2183 2866 σὺ
2215 2812 2342 2883 φῄς
2386 2812 2685 2883 Ἀμέλησον
2708 2812 2819 2865 τῶν
2848 2810 3052 2865 σαυτοῦ
3080 2812 3302 2865 πάντων
3327 2828 3341 2841 ⁸
3368 2811 3511 2864 πάν-

1907 2917 2016 2964 τως
2055 2899 2165 2971 γὰρ
2196 2900 2320 2971 ἥξει
2364 2918 2446 2954 σοι
2489 2899 2556 2953 τά
2601 2900 2703 2970 τῆς
2746 2899 3089 2970 εἱμαρμένης
3115 2914 3131 2930 ο
3183 2898 3341 2970 ῥῖψον
3383 2898 3512 2951 ὅσον

1908 2987 2053 3055 ἔχεις
2086 2987 2341 3057 χρυσίον·
2375 2987 2655 3057 ἀμέλησον
2696 2986 2911 3046 οἰκιῶν.
2943 2986 3199 3058 ἀγορῶν,
3235 2987 3512 3059 ἀνδραπό-

1906 3074 2013 3127 δων
2040 3092 2052 3104 ο
2080 3074 2235 3127 οὐδὲν
2261 3074 2371 3128 ἀπὸ
2400 3074 2502 3143 τῆς
2534 3074 2810 3144 ῥᾳθυμίας
2848 3075 2949 3146 τῆς
2982 3076 3080 3143 σῆς
3120 3077 3153 3145 ἡ
3178 3074 3280 3143 τῆς
3313 3076 3511 3145 είμαρ-

1912 3162 2081 3231 μένης
2130 3160 2373 3231 ῥᾳθυμία
2426 3161 2934 3233 παραϐλαϐήσεται.
2997 3162 3140 3215 Ἀλλ’
3194 3164 3296 3216 οὑκ
3343 3161 3511 3236 ἀνέξῃ

1907 3250 2110 3303 τούτων
2153 3250 2341 3315 οὐδὲν,
2377 3249 2454 3312 ὡς
2491 3248 2639 3321 ἔργῳ
2673 3249 2919 3313 πεισθεὶς
2944 3291 2959 3313 ,
3006 3251 3091 3303 ὅτι
3142 3251 3507 3319 κατέγνωκας

1907 3339 2017 3391 τῶν
2050 3338 2338 3408 δογμάτων
2372 3338 2477 3408 τῆς
2509 3337 2873 3410 εἱμαρμένης.
2908 3338 3067 3403 Τίνος
3103 3335 3197 3393 οὖν
3222 3339 3410 3393 ἕνεκεν
3444 3342 3504 3393 ἐν

1909 3430 2028 3489 ταῖς
2052 3426 2353 3497 ἁμαρτίαις
2382 3425 2551 3497 αὐτὴν
2580 3425 2886 3500 προϐάλλῃ,
2914 3427 3197 3497 πανταχοῦ
3220 3444 3501 3496 κατεγνω-

1908 3512 2060 3579 κώς;
2102 3514 2266 3585 Ὁρᾷς
2299 3514 2381 3566 ὅτι
2414 3513 2718 3584 οὐδαμόθεν
2757 3515 2820 3567 τὸ
2849 3514 3033 3585 δόγμα
3079 3514 3242 3569 τοῦτο
3286 3516 3506 3587 εἰσενή-

1907 3618 2116 3666 νεκται,
2163 3601 2279 3655 ἀλλ’
2324 3600 2434 3655 ἀπὸ
2462 3600 2565 3672 τῆς
2602 3601 2900 3673 ῥᾳθυμίας,
2937 3603 3032 3656 καὶ
3059 3602 3377 3674 ὀλιγωρίας,
3411 3604 3508 3656 καὶ

1906 3688 2001 3743 τοῦ
2035 3688 2172 3761 πρὸς
2224 3690 2426 3753 αὐτοὺς
2457 3690 2587 3754 τοὺς
2623 3690 2764 3760 ὑπὲρ
2793 3690 2892 3760 τῆς
2924 3690 3130 3761 ἀρετῆς
3176 3690 3504 3744 ἐκλελύσθαι

1908 3780 2125 3842 πόνους.
2159 3778 2222 3831 Εἰ
2243 3778 2457 3847 γένεσίς
2497 3780 2638 3845 ἐστι,
2672 3777 2857 3849 κρίσις
2876 3780 2977 3832 οὐκ
2999 3778 3150 3833 ἐστιν
3174 3796 3187 3809 ο
3212 3782 3263 3833 εἰ
3292 3780 3507 3848 γένεσίς,

1907 3867 2045 3929 ἐστι,
2079 3865 2262 3929 πίστις
2305 3867 2407 3919 οὑκ
2463 3865 2646 3919 ἐστιν’
2695 3868 2745 3919 εί
2789 3866 3008 3934 γένεσίς
3037 3867 3180 3929 ἐστι,
3226 3866 3365 3941 Θεὸς
3404 3868 3509 3921 οὑκ

1908 3951 2055 4005 ἐστιν
2076 3969 2088 3982 ·
2129 3954 2178 4006 εί
2206 3953 2422 4021 γένεσίς
2453 3955 2623 4019 ἐστιν,
2660 3954 2764 4008 οὑκ
2791 3953 2941 4008 ἐστιν
2989 3955 3165 4026 ἀρετὴ
3186 3994 3200 4019 ,
3236 3955 3339 4011 οὐκ
3388 3956 3508 4015 ἐστι

1908 4042 2109 4096 κακία’
2146 4044 2197 4095 εί
2217 4042 2441 4110 γένεσίς
2479 4044 2629 4107 ἐστι,
2662 4042 2845 4098 πάντα
2895 4043 3100 4115 μάτην.
3142 4044 3325 4099 πάντα
3380 4049 3506 4118 είκῇ

1908 4132 2001 4184 καὶ
2032 4130 2317 4202 ποιοῦμεν,
2344 4132 2441 4185 κα¹ι
2472 4132 2782 4203 πάσχομεν·
2819 4134 2919 4187 οὐκ
2947 4133 3094 4188 ἔστιν
3123 4134 3368 4200 ἔπαινος,
3402 4138 3504 4192 οὑκ

1907 4220 2023 4273 ἐστι
2057 4220 2248 4289 ψόγος,
2283 4220 2385 4273 οὑκ
2411 4219 2562 4273 ἐστιν
2582 4220 2769 4287 αίδὼς,
2803 4223 2905 4277 οὐκ
2931 4223 3080 4277 ἐστιν
3110 4224 3369 4297 αἰσχύνη,
3403 4226 3507 4281 οὑκ

1907 4310 2015 4361 είσὶ
2046 4308 2225 4378 νόμοι,
2264 4310 2367 4362 οὐκ
2415 4310 2524 4363 εἰσὶ
2557 4309 2912 4383 δικαστήρια.
2968 4309 3142 4368 Πόθεν
3174 4311 3268 4368 οὗν
3302 4318 3331 4369 6
3357 4315 3508 4369 δεῖνα

1908 4395 2151 4458 πλουτεῖ,
2186 4396 2320 4466 φησὶ
2346 4435 2360 4459 ,
2393 4397 2558 4450 πόθεν
2587 4397 2774 4469 ἕτερος
2807 4400 3071 4469 πένεται;
3106 4400 3359 4457 Μάλιστα
3406 4403 3508 4473 μέν

1907 4484 1957 4535 εί
1991 4484 2087 4535 καὶ
2127 4485 2255 4547 τοὺς
2288 4484 2484 4553 λόγους
2514 4484 2846 4556 ἀγνοοῦμεν,
2909 4486 3017 4541 ἔδει
3052 4488 3240 4559 μένειν
3280 4490 3373 4541 ἐπὶ
3403 4489 3508 4559 τῆς

1907 4572 2153 4639 ἀγνοίας,
2172 4571 2309 4625 ἀλλά
2329 4572 2405 4644 μὴ
2425 4573 2514 4626 Et:
2524 4590 2613 4645 ρον
2625 4574 2805 4646 δόγμα
2821 4576 3058 4647 πονηρὸν
3076 4577 3505 4649 ἀναλαμϐάνειν.

1906 4658 2127 4712 Βέλτιον
2160 4658 2272 4730 γὰρ
2301 4660 2520 4727 ἀγνοεῖν
2539 4662 2742 4726 καλῶς,
2772 4663 2805 4734 ἦ
2833 4664 3036 4718 εἰδέναι
3067 4665 3255 4730 κακῶς
3277 4682 3292 4699 ο
3320 4664 3383 4719 τδ
3405 4664 3507 4737 μὲν

1896 4747 2017 4818 ιγάρ
2043 4749 2144 4800 οὑκ
2165 4746 2281 4817 ἔχει
2306 4749 2670 4820 κατηγορίαν,
2690 4751 2754 4805 τὸ
2772 4751 2828 4805 δέ
2851 4752 3228 4825 ἀπεστέρηται
3258 4752 3505 4823 συγγνώ-

1907 4851 2036 4904 μης.
2062 4834 2209 4907 Πλὴν
2229 4834 2367 4889 ἀλλὰ
2387 4838 2483 4891 καὶ
2504 4836 2601 4891 νῦν
2628 4837 2787 4907 δῆλον
2809 4840 2941 4910 ἡμῖν
2957 4840 3149 4909 γέγονε
3172 4841 3262 4898 διὰ
3285 4842 3387 4914 τὴν
3407 4844 3505 4896 τοῦ

1903 4921 2041 4974 Θεοὺ
2064 4922 2245 4993 χάριν,
2269 4922 2436 4977 πόθεν
2456 4923 2485 4975 6
2517 4924 2617 4995 μὲν
2647 4925 2891 4989 πλουτεῖ,
2910 4930 2939 4981 6
2966 4927 3024 4982 δέ
3053 4930 3307 5005 πένεται;
3331 4930 3364 5001 ἦ
3393 4932 3504 5004 γὰρ

1907 5009 2161 5080 πατρῷον
2207 5008 2549 5082 παραλαϐὼν
2580 5013 2803 5084 κλῆρον,
2833 5014 2868 5087 ἢ
2904 5017 3146 5089 ἐμπορίᾳ
3179 5019 3274 5072 καὶ
3318 5036 3503 5091 καπη-

1903 5097 2023 5179 λεία
2053 5098 2427 5170 χρησάμενος,
2461 5101 2495 5172 ἦ
2533 5102 2605 5155 τὰ
2628 5103 2833 5175 ἐτέρων
2875 5106 3137 5177 ἀρπάσας
3174 5109 3271 5163 καὶ
3303 5109 3501 5178 βιασά-

1906 5203 2087 5272 μενος,
2135 5186 2168 5258 ἢ
2209 5187 2375 5260 γάμῳ
2424 5191 2776 5262 χρησάμενος
2808 5194 3049 5267 εὐπόρφ.
3087 5196 3120 5267 ἢ
3154 5198 3421 5272 γιωργίᾳν
3467 5200 3502 5269 ἢ

1902 5271 2089 5345 τέχνῃ,
2135 5273 2166 5341 ἢ
2199 5274 2373 5346 ἐτέρῳ
2414 5276 2521 5329 τινὶ
2550 5278 2797 5351 τοιούτῳ.
2834 5282 2944 5337 Καὶ
2978 5284 3165 5338 πολλοὶ
3202 5285 3301 5339 τοῦ
3336 5271 3504 5342 πλου-

1900 5361 2015 5447 τεῖν
2039 5360 2255 5431 τρόποι,
2290 5364 2339 5416 οί
2372 5364 2472 5434 μέν
2503 5365 2725 5433 δίκαιοι,
2743 5372 2807 5423 -οί
2836 5370 2893 5423 δὲ
2919 5370 3117 5426 ἄδικοι.
3146 5372 3305 5428 οὑτω
3324 5374 3502 5447 δὴγαὶ

1899 5445 1996 5534 τοῦ
2026 5448 2288 5504 πένεσθαι
2309 5468 2323 5481 ο
2350 5451 2385 5522 ἢ
2414 5453 2522 5527 γὰρ
2558 5456 2942 5529 ἐπηρεασθείς,
2975 5459 3009 5531 ἢ
3039 5445 3494 5534 συκοφαντηθιὶς,

1900 5532 1934 5625 ᾖ
1966 5534 2420 5625 πλεονεκτηθεὶς,
2458 5541 2491 5613 ἤ
2524 5545 2883 5615 καταφαγὼν,
2921 5546 2955 5619 ἢ
2988 5550 3160 5622 ἀργία
3209 5532 3413 5618 συζῶν,
3463 5555 3496 5625 ἢ

1900 5614 2075 5694 ἀνοίᾳ,
2105 5624 2137 5695 ἢ
2172 5627 2344 5700 ἐτέρῳ
2374 5632 2482 5684 τινὶ
2507 5633 2696 5706 τρόπῳ
2718 5653 2732 5666 ·
2760 5614 2953 5692 πολλοὶ,
3111 5614 3208 5695 ⁶έοῦ
3237 5614 3493 5710 γενέσθαί

1901 5710 2346 5802 πένητατρόποι.
2380 5716 2489 5772 Καὶ
2516 5723 2662 5785 τίνος
2686 5724 2892 5790 ἕνεκεν,
2921 5728 3109 5799 φησιν,
3128 5731 3157 5784 6
3181 5730 3330 5784 δεῖνα
3360 5733 3497 5802 πόρ-

1901 5804 2001 5860 νας
2036 5800 2255 5871 τρέςρων
2295 5806 2389 5860 καὶ
2433 5812 2769 5880 παρασίτους
2803 5816 2895 5868 καὶ
2940 5816 3199 5881 κόλακας.
3254 5800 3491 5887 καὶτοῖς

3068 5940 3146 5997 23
