4066 6422
591 369 704 426 769

591 478 1233 550 άλλοτρίοιςέπηρεάζων
1257 477 1567 550 πράγμασι.
1585 479 1783 533 καὶτὸν
1805 480 1970 551 ὑγρὸν
1991 479 2178 532 τοῦτον

589 564 691 617 ’καὶ
713 561 1095 631 διαλελυμένον
1119 558 1232 629 βίον
1262 556 1393 624 ζῶν,
1424 561 1676 634 καθάπερ
1706 563 1773 615 ἐκ
1799 561 1992 632 πηγῶν
2020 561 2178 631 ἐπιρ-

577 646 786 715 ,ῥέοντα
811 644 922 715 ἔχει
945 644 1016 698 τά
1043 645 1303 714 χρήματα
1323 660 1337 674 ·
1373 644 1602 716 Ἕτερος
1638 645 1910 718 ἐπιεικείᾳ
1943 645 2041 698 καὶ
2076 661 2180 698 σω-

593 727 834 800 φροσύνῃ
873 727 970 781 καὶ
996 726 1320 800 δικαιοσύνῃ
1351 729 1446 781 καὶ
1477 731 1600 792 ταῖς
1633 729 1819 792 ἄλλαις
1846 727 2022 792 συζῶν
2047 729 2176 800 ἀρε-

580 813 730 873 ταῖς,
759 810 879 863 οὐδὲ
906 809 1006 879 τῆς
1033 809 1338 880 ἀναγκαίας
1364 812 1591 882 εὐπορεί
1621 810 1864 881 τροφῆς;
1896 811 1978 863 ὅτι
2009 813 2037 862 6
2079 810 2178 880 μέν

589 896 710 947 ἐστι
759 891 928 956 καλὸς
971 893 1070 946 καὶ
1110 892 1203 946 τὸν
1249 893 1510 948 ἐπίπονον
1550 893 1651 960 τῆς
1687 892 1893 964 ἀρετῆς
1937 893 2176 964 αἱρεῖται

581 976 728 1046 βίον,
757 976 789 1029 6
815 975 873 1028 δέ
901 974 1074 1039 κακὸς
1099 976 1191 1030 καὶ
1211 977 1312 1046 τὴν
1338 976 1696 1048 διαρρέουσαν
1729 976 1829 1029 κα)⁸
1854 974 2175 1045 διαλελυμέ-

583 1075 687 1130 νην
720 1057 1020 1123 ἀνεδέξατο
1051 1059 1152 1128 τῆς
1197 1059 1398 1122 κακίας
1426 1057 1580 1123 666v;
1611 1056 1770 1121 Τίνος
1803 1052 1899 1110 οῦν
1930 1056 2118 1110 ἐνεκεν
2148 1058 2178 1109 6

577 1141 692 1211 ,μὲν
725 1140 1152 1205 κακὸςπλουτεῖ
1172 1181 1189 1206 ,
1221 1141 1442 1196 πένεται
1490 1140 1548 1194 δέ
1577 1142 1606 1194 6
1651 1138 1886 1209 ἀγαθός;
1920 1140 2042 1194 Ἵνα
2081 1141 2177 1192 καὶ

575 1219 742 1290 ὀὗτος
775 1224 996 1296 μείζονα
1027 1225 1168 1298 λάϐῃ
1194 1223 1284 1277 τὸν
1313 1224 1600 1292 στέφανον,
1632 1222 1699 1277 ἂν
1725 1222 1996 1294 ὑπομείνῃ
2019 1262 2034 1286 ,
2081 1222 2176 1276 καὶ

578 1309 688 1380 τὴν
720 1307 1028 1379 καρτερίαν
1053 1308 1276 1379 ἐνέγκῃ,
1308 1308 1562 1369 κάκεῖνος
1615 1305 1787 1376 μείζω
1815 1307 1916 1377 τὴν
1950 1305 2174 1360 κόλασιν

579 1393 682 1445 ικαὶ
713 1391 812 1461 τὴν
842 1389 1136 1462 τιμωρίαν,
1162 1390 1229 1443 ἂν
1266 1389 1341 1463 μὴ
1382 1389 1780 1462 μεταϐάληται,
1813 1388 1907 1442 καὶ
1947 1388 2173 1458 γένηται

588 1473 832 1542 βελτίων,
871 1472 970 1525 καὶ
999 1471 1091 1525 τὸν
1133 1473 1412 1544 Δεσπότην
1453 1469 1660 1542 ἐπιγνῷ
1708 1471 1802 1524 τὸν
1852 1467 2070 1537 ἐαυτοῦ.
2107 1471 2173 1521 Δί

577 1557 698 1627 γάρ
719 1555 935 1619 ἀνέσεις
983 1556 1039 1608 αί
1070 1555 1222 1625 παρὰ
1259 1553 1355 1607 τοῦ
1401 1552 1537 1606 Θεοῦ
1572 1552 1868 1622 διδόμεναι,
1910 1552 2173 1621 μένοντας

585 1639 792 1702 κακοὺς
827 1638 1028 1709 μᾶλλον
1067 1636 1329 1709 βαροῦσι·
1362 1638 1457 1689 καὶ
1496 1637 1530 1706 ή
1565 1636 1797 1704 ἀφθονία
1832 1636 1866 1706 ἠ
1911 1636 2042 1705 παρ’
2074 1634 2172 1687 a6-

585 1721 681 1775 τοῦ
705 1724 821 1784 -τοίς
852 1721 928 1790 μὴ
957 1719 1263 1792 χριομένοις
1305 1721 1385 1782 είς
1404 1719 1538 1794 ,δέον
1566 1719 1704 1790 αὐτῇ
1723 1757 1740 1782 ,
1771 1716 2057 1789 προσθήκη
2087 1716 2174 1784 γί-

585 1822 733 1858 νεται
754 1802 1127 1874 κατηγορίας.
1157 1801 1346 1866 Οῦτως
1377 1797 1472 1856 οῦν
1499 1803 1558 1856 αί
1599 1801 1811 1872 θλίψεις
1839 1799 1936 1855 καὶ
1966 1801 2022 1854 αί
2052 1816 2174 1852 στε-

583 1887 841 1958 νοχωρίαι
882 1885 1130 1954 ἀγαθῶν,
1169 1884 1457 1957 προσθήκη
1505 1886 1811 1954 στεφάνων,
1855 1881 1960 1938 κᾶν
1987 1899 2170 1952 παρα-

585 1968 815 2025 πέσωσι.
848 1968 1008 2024 Ἔστι
1051 1967 1250 2040 μετρία
1289 1965 1422 2036 γοῦν
1463 1984 1547 2031 τις
1595 1965 1894 2038 συγγνώμη
1921 1981 1937 1996 ’
1968 1965 2032 2019 06
2059 1963 2170 2035 γὰρ

582 2053 774 2118 ἁπλῶς
787 2052 866 2108 τά
890 2053 1267 2126 ἁμαρτήματα
1297 2052 1566 2123 κρίνεται,
1590 2050 1708 2105 ἀλλ’
1731 2051 1935 2121 ἐτέρως
1965 2051 1993 2102 6
2017 2046 2168 2120 [773]

584 2137 1097 2209 πλούσιος,’ἐτέρως
1126 2139 1155 2190 6
1183 2134 1381 2206 πένης·
1417 2135 1579 2205 όμέν
1626 2132 1767 2205 μετὰ
1802 2131 2132 2202 συγγνώμης
2153 2172 2168 2196 .

583 2224 612 2275 6
649 2221 706 2274 δέ
733 2221 903 2292 χωρὶς
936 2217 1288 2288 συγγνώμης.
1308 2214 1472 2292 ΔΟἷον,
1506 2217 1649 2270 ἐστω
1675 2215 1916 2286 κλέπτης
1953 2214 2047 2269 καὶ
2082 2232 2172 2282 φι-

582 2289 841 2374 λότιμος,
860 2301 1126 2364 ’πλούσιος
1157 2299 1252 2354 καὶ
1297 2289 1488 2372 πένης,
1514 2300 1543 2352 6
1568 2298 1669 2370 μὲν
1710 2300 1760 2352 εί
1793 2298 1908 2368 καὶ,
1931 2296 2167 2370 ψυχρὰν,

579 2387 697 2442 ¹ἀλλ’
727 2387 877 2456 ὅμως
899 2383 1026 2454 -ἐχει
1054 2383 1176 2438 τινά
1201 2383 1551 2454 καταφυγὴν,
1580 2382 1683 2453 τὴν
1711 2379 1823 2435 άπδ
1846 2379 1948 2451 τῆς
1979 2380 2172 2443 πενίας

582 2469 852 2546 ἀνάγκην,
883 2470 917 2523 6
938 2466 997 2522 δέ
1030 2466 1154 2521 ούδέ
1185 2467 1314 2537 μίαν
1356 2465 1717 2532 εὐπρόσωπον
1743 2463 1778 2534 ἢ
1804 2461 2026 2531 εὔλογον
2058 2462 2174 2532 ἔχει

584 2551 905 2621 καταφυγήν
929 2566 941 2580 ο
974 2549 1118 2604 ὥστε
1145 2551 1270 2604 ὅσον
1293 2548 1610 2621 ἐλαττοῦται
1636 2550 1666 2603 6
1696 2547 1866 2616 πένης
1906 2547 2051 2600 κατά
2075 2546 2169 2600 τὸν

574 2635 826 2706 παρόντα
875 2633 1012 2704 βίον,
1061 2633 1322 2688 τοσοῦτον
1353 2622 1670 2686 πλεονεκτεῖ
1725 2631 1868 2684 κατά
1897 2629 1991 2683 τὸν
2039 2628 2172 2699 μέλ-

1271 366 1328 421 S.
1369 365 1654 423 106Nle
1689 364 2178 423 CHRYSOSTOMI
2218 365 2543 422 ABCIIIEP.
2579 364 3134 421 CONSTANTINOP.

3760 363 3864 418 ττι)

2280 481 2440 532 λοντα
2467 481 2525 532 ἐν
2558 477 2967 550 κατορθώμασι,
3021 478 3116 531 καὶ
3148 478 3176 529 6
3223 475 3477 537 πλούσιος
3518 477 3576 528 ἐν
3613 476 3865 547 ἀμαρτή-

2283 586 2440 639 μασι.
2493 571 2585 640 Μὴ
2631 568 2810 623 τοίνυν
2861 568 3091 639 νομίσῃς
3141 566 3446 620 ἀδικεῖσθαι
3496 565 3589 619 τὸν
3631 565 3860 635 πένητα,

2281 653 2417 723 μηδὲ
2444 651 2606 705 πλέον
2627 649 2770 721 ἐχειν
2797 649 2889 705 τὸν
2922 649 3201 703 πλούσιον.
3227 648 3494 718 Καθάπερ
3517 648 3616 700 καὶ
3641 647 3736 700 ἐπὶ
3757 647 3864 699 τῶν

2278 733 2486 798 κακῶν,
2537 734 2760 803 ὅσοιπερ
2809 733 2875 786 ἂν
2924 730 3158 786 ἐνταῦθα
3197 731 3329 784 δῶσι
3369 730 3546 798 δίκην,
3579 729 3612 800 ἢ
3647 727 3708 780 τὸ
3757 729 3863 782 πᾶν

2277 817 2632 884 ἀπενίψαντο,
2667 814 2701 885 ἢ
2733 815 2996 868 ἐλάττονα
3023 813 3262 866 διδόασιν
3309 815 3426 866 ἐκεῖ
3465 811 3759 883 τιμωρίαν,
3790 810 3865 873 ὡς

2277 899 2513 953 ἐνταῦθα
2561 897 2814 969 μεγάλων
2861 894 3244 950 κακοπαθειῶν
3289 895 3445 966 δίκην
3493 895 3863 954 ὑποστάντες·

2275 979 2420 1034 οὕτω
2447 981 2540 1034 καὶ
2570 981 2663 1033 ἐπὶ
2691 979 2798 1032 τῶν
2824 977 3065 1046 ἀγαθῶν,
3096 978 3146 1030 οί
3175 978 3275 1047 μὲν
3301 977 3539 1031 ἐνταῦθα
3563 975 3866 1031 ἀπολαύονο

2275 1080 2367 1127 τες
2399 1063 2585 1134 τιμῆς,
2622 1064 2718 1116 καὶ
2759 1062 3010 1131 μένοντες
3044 1059 3293 1131 πονηροὶ,
3339 1059 3552 1127 ἐφόδιον
3593 1059 3866 1120 κολάσεως

2276 1146 2459 1216 ἔχουσι
2483 1147 2585 1217 τὴν
2610 1147 2797 1216 τιμήν.
2850 1143 2993 1212 Ὅρα
3015 1142 3068 1210 γ’
3094 1137 3189 1194 οὖν
3212 1141 3242 1193 6
3271 1139 3404 1204 Θεδς
3435 1143 3555 1205 πῶς
3588 1140 3866 1210 πανταχοῦ

2273 1231 2387 1292 τοῖς
2408 1230 2598 1291 κακοῖς
2616 1227 2720 1290 τὰς
2745 1224 2978 1280 ἐνταῦθα
3000 1223 3247 1288 ὀνειδίζει
3273 1225 3438 1293 τιμάς
3456 1241 3472 1254 ·
3507 1224 3746 1278 Ἔδωκὰ
3768 1241 3866 1278 σοι

2275 1310 2474 1365 πάντα
2502 1313 2576 1365 τὰ
2607 1310 2714 1364 τοῦ
2747 1308 2970 1378 Κυρίου
2988 1322 3136 1362 σου’
3170 1309 3264 1360 καὶ
3303 1309 3464 1361 πάλιν
3484 1311 3597 1372 τοῖς
3625 1307 3867 1379 ἱερεῦσιν

2273 1393 2368 1447 ἐπὶ
2391 1392 2490 1447 τοῦ
2533 1393 2650 1446 Ἠλὶ
2676 1393 2780 1462 τὴν
2803 1391 2970 1462 τιμήν
2990 1406 3004 1421 ·
3036 1390 3134 1444 καὶ
3164 1389 3424 1462 ἀλλαχοῦ,
3459 1390 3700 1445 Ἕδωκα
3723 1389 3867 1460 ὑμῖν

2271 1475 2343 1530 ἐκ
2367 1476 2486 1530 τῶν
2502 1475 2840 1541 νεανίσκω
2857 1474 3030 1544 ὑμῶν
3054 1476 3143 1538 είς
3163 1473 3494 1542 προφήτας,
3525 1475 3622 1528 καὶ
3652 1473 3725 1526 ἑκ
3746 1472 3867 1526 τῶν

2273 1557 2420 1612 υἱῶν
2444 1557 2614 1628 ὑμῶν
2642 1559 2732 1623 είς
2767 1556 3098 1625 ἁγιασμόν·
3142 1555 3238 1609 καὶ
3275 1557 3346 1610 τά
3387 1557 3480 1610 ἐπὶ
3518 1556 3621 1626 τῆς
3649 1554 3867 1626 ἐρήμου

2275 1639 2550 1710 πανταχοῦ
2601 1637 2979 1710 προστίθησιν.
3034 1638 3199 1691 Ὥστε
3242 1638 3369 1692 ὅταν
3403 1638 3520 1710 ίδῃς
3561 1637 3655 1690 τὸν
3701 1639 3866 1691 πλου-

2278 1721 2476 1776 τοῦντα
2516 1720 2829 1786 ἀδικοῦντα,
2874 1720 3302 1775 πλεονεκτοῦντα
3321 1760 3338 1784 ,
3376 1721 3698 1793 ἁρπάζοντα
3718 1760 3733 1786 ,
3775 1719 3865 1773 διά

2277 1803 2439 1858 τοῦτο
2484 1803 2720 1874 μάλιστα
2763 1802 2928 1856 αὑτὸν
2957 1802 3236 1866 στέναξον,
3267 1802 3456 1874 ἐπειδὴ
3493 1804 3751 1866 πλούσιος
3787 1802 3864 1854 ῶν

2277 1885 2448 1939 ταῦτα
2494 1888 2669 1939 ποιεῖ’
2719 1884 2942 1956 μείζονα
2988 1886 3099 1957 γὰρ
3137 1884 3322 1939 δίδωσι
3363 1885 3654 1954 τιμωρίαν.
3693 1886 3866 1937 Ὅταν

2279 1969 2394 2041 ἴδῃς
2443 1969 2655 2038 πένητα
2705 1967 2906 2038 πολλὴν
2947 1966 3043 2021 τοῦ
3094 1968 3304 2022 δικαίου
3355 1967 3680 2037 ποιούμενον
3725 1966 3866 2039 πρό-

2276 2066 2445 2113 νοιαν,
2471 2050 2562 2103 διὰ
2591 2049 2751 2103 τοῦτο
2785 2050 3024 2120 μάλιστα
3065 2051 3227 2121 αὑτὸν
3265 2050 3566 2122 θαύμασον,
3607 2051 3694 2103 ὅτι
3728 2048 3869 2120 μετά

2277 2132 2468 2195 πενίας
2504 2131 2748 2195 τοιοῦτός
2775 2132 2944 2186 ἐστιν.
2982 2133 3081 2186 Ἂν
3107 2126 3339 2208 ταῦταῇ
3368 2131 3519 2202 παρὰ
3543 2131 3630 2184 σοὶ
3652 2131 3867 2201 διηκρι-

2277 2215 2501 2286 ϐωμένα
2521 2255 2537 2278 ,
2577 2215 2836 2270 οὐδέποτε
2882 2215 2977 2268 ἐπὶ
3022 2218 3134 2280 τοῖς
3178 2218 3492 2287 γενομένοις
3514 2227 3518 2233 ’
3543 2215 3869 2289 ταραχθήσῃ

2278 2301 2624 2370 πράγμασιν,
2657 2297 2724 2351 ἂν
2749 2299 2888 2370 πρὸς
2920 2297 2990 2351 τὰ
3021 2297 3287 2369 μέλλοντα
3314 2299 3538 2372 βλέπῃς,
3585 2300 3653 2354 ἂν
3697 2295 3870 2369 μηδέν

2278 2377 2417 2436 εἶναι
2446 2378 2676 2452 νομίσῃς
2699 2380 2770 2434 τὰ
2799 2381 3065 2451 παρόντα,
3092 2379 3159 2434 ἂν
3185 2383 3369 2436 ἐκεῖνα
3401 2382 3629 2454 ἐλπίσῃς
3655 2379 3770 2441 ἀεὶ,
3801 2379 3869 2432 ἂν

2277 2462 2483 2517 τούτων
2514 2463 2708 2516 σαυτὸν
2735 2463 3074 2536 ἀποστήσῃς.
3127 2462 3344 2518 Γένοιτο
3370 2463 3428 2519 δέ
3469 2464 3693 2519 πάντων
3719 2463 3868 2534 ἡμᾶς

2273 2546 2384 2600 τῶν
2407 2544 2632 2615 ἀγαθῶν
2658 2546 2957 2616 ἐπιτυχεῖν,
2987 2546 3172 2619 χάριτι
3198 2545 3458 2618 Χριστοῦ.
3500 2546 3703 2619 Ἀμήν.

1695 2848 1957 2935 ΠΕΡΙ
2022 2845 2774 2934 ΕΙΜΛΡΜΕΝΗΣ.

1822 2993 1901 3046 ’Ἡ
1920 2990 2071 3046 κατὰ
2106 2993 2592 3062 γαστριμαργίας.

1233 3183 1426 3252 Λόγος
1455 3185 1529 3249 ς’.

633 3276 925 3344 θάνωμεν
973 3277 1077 3334 καί
1095 3278 1346 3348 πίωμεν,
1383 3280 1600 3348 αὔριον
1637 3281 1748 3351 τὰρ
1777 3283 2169 3353 ἀποθνήσκο-

575 3382 712 3439 μεν,
739 3366 832 3420 ἐπὶ
859 3364 971 3419 τῶν
998 3361 1299 3435 προφητῶν
1324 3357 1468 3434 ἦσαν
1500 3364 1683 3429 πολλοὶ
1709 3367 1860 3439 παρὰ
1893 3368 2168 3435 Ἰουδαίοις

579 3449 852 3517 λέγοντες.
895 3445 1058 3500 mm
1082 3443 1146 3498 τὸ
1176 3444 1278 3517 μέν
1312 3445 1599 3513 Ἰουδαίους
1622 3447 1796 3506 ταῦτα
1828 3447 2028 3520 λέγειν,
2055 3444 2171 3507 Ὧν

573 3537 615 3586 ό
638 3530 776 3596 θεὸς
797 3530 837 3599 ἠ
857 3530 1078 3593 κοιλία,
1102 3529 1202 3583 καί
1221 3530 1260 3598 ἡ
1285 3527 1438 3594 δόξα
1457 3529 1528 3584 ἐν
1556 3529 1633 3600 τῇ
1654 3532 1920 3603 αισλύνῃ
1946 3533 2168 3600 αὐτῶν,

579 3613 894 3685 θαυμαστὸν
917 3611 1090 3666 οὐδέν’
1109 3612 1172 3665 τὸ
1202 3611 1262 3667 δέ
1287 3611 1427 3683 μετὰ
1455 3611 1556 3684 τὴν
1583 3613 1768 3686 χάριν,
1799 3616 1894 3670 καὶ
1930 3617 2031 3689 τὴν
2059 3617 2170 3672 τῶν

579 3697 867 3770 παρόντων
910 3694 1216 3768 ὑπεροψίαν
1242 3694 1609 3768 πραγμάτων,
1640 3698 1736 3751 καὶ
1770 3697 1869 3771 τὴν
1899 3699 2170 3771 τοσαύτην

575 3779 893 3852 τελειότητα
935 3779 1031 3833 καὶ
1076 3777 1388 3851 ἀκρίϐειαν,
1419 3773 1561 3833 εἷναί
1590 3797 1745 3845 τινας
1785 3782 1867 3836 ἐτι
1914 3783 2008 3838 καὶ
2048 3782 2167 3848 νῦν,

577 3866 628 3919 εί
658 3863 754 3917 καὶ
786 3861 862 3934 μὴ
909 3863 1025 3925 τοῖς
1058 3861 1269 3933 ῥήμασι
1316 3859 1610 3930 λέγοντας.
1639 3863 1731 3919 διὰ
1755 3863 1814 3919 δὲ
1847 3864 1957 3919 τῶν
1989 3865 2170 3938 ἔργων

575 3947 639 4001 τὸ
682 3945 818 4000 αὐτὸ
858 3943 1016 3999 τοῦτο
1061 3941 1318 4018 βοιῖιντας,
1371 3945 1545 4017 πόσης
1589 3945 1657 4002 ἀν
1704 3948 1792 4018 εῖη
1836 3951 2172 4022 κατηγορίας

575 4027 762 4097 αξιονς
807 4028 920 4083 Καὶ
957 4023 1068 4098 γάρ
1095 4028 1258 4091 είσιν,
1288 4029 1430 4082 είσὶν
1457 4028 1650 4093 δντως,
1677 4031 1729 4084 οί
1764 4031 1870 4086 διάυ
1893 4032 2053 4086 τοῦτο
2080 4051 2170 4088 νο-

577 4111 833 4183 μίζοντες
872 4111 953 4175 είς
991 4108 1156 4164 τόνδε
1188 4107 1470 4181 παρῆχθαι
1503 4111 1597 4165 τὸν
1628 4113 1775 4184 βίον,
1827 4114 1917 4168 ίνα
1961 4118 2172 4189 τρυφή-

579 4212 794 4259 σαντες,
825 4195 921 4248 καὶ
943 4193 1043 4265 τὴν
1073 4191 1318 4264 γαστέρα
1342 4193 1761 4268 διαρρήξαντες,
1793 4197 1890 4251 καὶ
1921 4198 1984 4252 τὸ
2010 4199 2173 4270 σῶμα

568 4278 893 4344 ’πιάναντες,
933 4277 1108 4340 οὕτως
1146 4276 1447 4345 ἀπέλθωσι,
1477 4278 1873 4352 δαψιλεστέραν
1909 4281 1989 4353 τῷ
2032 4281 2174 4336 σκώ-

575 4361 706 4431 ληκι
734 4359 1250 4432 παρασκευάζοντες
1281 4357 1564 4432 τράπεζαν
1589 4361 1690 4433 τὴν
1713 4361 1776 4428 ἐξ
1797 4363 2017 4419 οίκείων
2039 4381 2170 4436 σαρ-

576 4443 714 4498 κῶν.
749 4443 862 4498 Καὶ
889 4443 1006 4498 είθε
1035 4441 1199 4497 τοῦτο
1237 4443 1398 4515 μόνον
1429 4439 1500 4516 ἦν
1526 4446 1590 4499 τὸ
1624 4445 1818 4511 δεινὸν,
1857 4447 1942 4513 δτι
1989 4450 2169 4522 μάτην

577 4527 674 4581 καὶ
718 4526 845 4598 εικῆ
875 4526 977 4600 καὶ
1007 4525 1100 4589 ἐίς
1123 4524 1280 4580 οὐδὲν
1307 4526 1427 4581 δέον
1448 4527 1521 4582 τά
1547 4529 1794 4600 παρόντα
1829 4529 2126 4602 ἀνήλισκον
2155 4549 2167 4560 ·

578 4610 758 4664 καίτοι
791 4603 887 4664 καὶ
912 4608 1074 4664 τοῦτο
1114 4609 1286 4681 χωρὶς
1317 4609 1681 4682 ἐγκλημάτων
1712 4611 1812 4666 οὐκ
1843 4611 2014 4678 ἐστιν,
2048 4613 2171 4670 οὐδὲ

579 4694 937 4765 κατηγορίας.
994 4692 1164 4748 ὀταν
1205 4693 1314 4765 γάρ
1359 4694 1431 4749 τά
1483 4695 1622 4766 πρὸς
1669 4689 1879 4768 τροφὴν
1914 4696 2170 4769 σώματος

580 4777 733 4850 παρὰ
759 4777 856 4832 τοῦ
887 4776 1026 4833 Θεοῦ
1064 4777 1290 4834 δοθέντα
1316 4779 1769 4851 ’ήμῖνχρήματι
1807 4770 1902 4835 καὶ
1931 4782 2016 4852 είς
2055 4783 2172 4836 ἐπι-

577 4860 810 4932 κουρίαν
843 4860 956 4915 τῶν
977 4859 1275 4931 δεομένων,
1310 4863 1393 4926 είς
1419 4861 1717 4917 ἀκολασίαν
1749 4863 1845 4917 καὶ
1886 4862 2046 4936 ὕϐριν
2075 4865 2170 4918 καὶ

580 4942 736 5016 ιπιι
779 4942 881 5016 τὴν
921 4943 1166 5015 ἐσχάτην
1219 4943 1492 5016 ρᾳθυμίαν
1535 4946 2032 5018 καταναλώσωμεν,
2067 4948 2168 5002 οὐκ

579 5027 870 5092 ἀνεύθυνος
897 5028 1033 5099 ἡμῖν
1060 5027 1218 5082 έσται
1245 5029 1278 5100 ή
1318 5029 1556 5100 κακίστη
1589 5027 1731 5101 αῦτη
1765 5029 2000 5101 δαπάνη,
2030 5031 2170 5085 ἀλλά

560 5111 801 5176 ,πάντως
825 5109 1076 5182 δώσομεν
1113 5109 1294 5180 λόγον,
1337 5112 1434 5167 καὶ
1467 5112 1530 5167 τὸ
1567 5112 1699 5180 περὶ
1725 5111 1837 5167 τῶν
1881 5114 2042 5167 πέντε
2067 5132 2167 5169 τα-

577 5193 811 5296 λάντων,
843 5193 944 5296 καὶ
969 5193 1224 5296 δύο,ῃκαὶ
1266 5194 1398 5296 ἐνὸς,
1428 5196 1740 5296 Ψημένον,
1783 5197 1878 5251 καὶ
1907 5197 2010 5295 ἐπὶ
2027 5215 2168 5270 χρη-

582 5275 792 5349 μάτων,
822 5274 916 5341 ay,
938 5276 1050 5330 τῶν
1076 5277 1254 5332 ἄλλων
1291 5274 1550 5335 ἁπάντων
1579 5279 1730 5332 ἐστὶν
1755 5281 1950 5334 είπεῖν.
1985 5280 2168 5353 Ὅπερ

577 5354 672 5439 06v
697 5359 906 5428 ελεγον,
937 5360 1018 5414 ὅτι
1053 5359 1290 5432 μάλιστα
1325 5361 1448 5433 μὲν,
1478 5362 1530 5414 εί
1560 5361 1656 5414 καὶ
1687 5363 1812 5434 είκῇ
1855 5363 1952 5416 καὶ
1987 5364 2167 5435 μάτην

581 5441 1060 5512 παραγεγόναμεν,
1111 5443 1234 5498 0661
1281 5441 1456 5508 οὔτως
1503 5442 1797 5510 ἀνεύθυνος
1840 5447 1976 5517 ήμῖν
2023 5442 2092 5518 ἦν
2132 5449 2166 5518 ή

576 5521 802 5596 τοιαύτη
826 5525 1057 5605 πρᾶξις
1092 5526 1189 5580 νῦν
1222 5526 1280 5581 δέ
1309 5527 1479 5600 χωρὶς
1510 5525 1702 5581 τούτου
1732 5528 1827 5581 καὶ
1854 5530 2017 5601 ἐτέρα
2046 5529 2158 5583 κείι

579 5603 899 5682 σεταιγδίκη.
927 5603 1032 5684 ἠν
1057 5609 1169 5680 γάρ
1199 5613 1377 5683 τρυφῇ
1416 5609 1686 5674 συζῶντα.
1724 5611 1822 5666 καὶ
1853 5610 2167 5681 μελετῶντα

581 5688 771 5762 μέθην,
796 5692 893 5746 καὶ
925 5693 1263 5762 παρασίτους
1289 5695 1556 5765 τρέφοντα
1583 5693 1677 5746 καὶ
1705 5691 1966 5757 κόλακας,
1991 5711 2160 5765 κρεω-

567 5773 753 5842 ιφαγία
791 5790 850 5846 τε
899 5775 993 5828 καὶ
1025 5777 1304 5848 οίνοποσίᾳ
1333 5774 1838 5846 διαρρηγνύμενον,
1890 5775 2154 5840 πολλάκις

2275 3193 2371 3246 καὶ
2428 3193 2630 3246 άκοντα
2677 3190 2772 3246 καὶ
2817 3190 3015 3244 ἐκόντα
3072 3187 3289 3258 ἀνάγκη
3335 3186 3676 3258 ἁμαρτάνειν
3701 3225 3720 3253 ,
3767 3189 3868 3244 καὶ

2273 3275 2429 3348 παρὰ
2449 3275 2541 3328 τὸν
2567 3273 2662 3329 τοῦ
2688 3275 2957 3347 παρόντος
2982 3271 3148 3324 τόπου
3181 3268 3374 3342 καιρὸν
3395 3280 3444 3334 ι,
3470 3270 3566 3323 καὶ
3592 3273 3738 3341 μετὰ
3765 3272 3869 3342 τὴν

2271 3357 2483 3413 ἐκεῖθεν
2513 3358 2881 3429 ἀναχώρησιν.
2912 3354 3183 3425 Καθάπρ
3208 3352 3319 3424 γὰρ
3339 3351 3523 3407 πλοῖον
3547 3355 3741 3425 μεῖζον
3765 3356 3868 3422 τῆς

2269 3442 2478 3505 οίκείας
2505 3440 2851 3513 συμμετρίας
2891 3439 2956 3492 τὸ
3000 3436 3205 3508 πλῆθος
3227 3435 3338 3490 τῶν
3370 3435 3673 3508 ἀγωγίμων
3705 3438 3872 3506 δεξά-

2273 3541 2455 3598 μενον,
2491 3523 2572 3597 τῷ
2609 3524 2834 3597 μεγέθει
2859 3519 2954 3577 τοῦ
2981 3522 3180 3592 φόρτου
3227 3519 3594 3592 βαρυνόμενον
3621 3521 3871 3595 ὑποϐρύ-

2271 3623 2388 3678 χιον
2432 3607 2669 3676 γίνεται,
2717 3605 2862 3660 οῦτω
2894 3604 2990 3659 καὶ
3025 3604 3062 3674 ή
3109 3603 3281 3676 ψυχὴ.
3318 3603 3418 3659 καὶ
3463 3602 3562 3658 τοῦ
3607 3603 3870 3677 σώματος

2271 3689 2430 3762 ἡμῶν
2464 3693 2499 3760 ή
2545 3690 2730 3761 φύσις,
2763 3689 2988 3743 πλείονα
3025 3691 3128 3760 τῆς
3157 3687 3366 3754 οἰκείας
3391 3687 3678 3760 δυνάμεως
3708 3690 3870 3756 δεξα-

2259 3775 2412 3847 μένη
2460 3775 2532 3830 τά
2582 3775 2750 3839 σιτία,
2798 3773 3136 3845 ὑπέραντλος
3173 3773 3416 3842 γίνεται,
3453 3773 3549 3828 καὶ
3590 3772 3654 3826 τὸ
3695 3773 3871 3846 βάρος

2270 3858 2333 3912 06
2363 3859 2631 3926 στέγουσα
2655 3857 2765 3912 τῶν
2791 3855 3216 3928 ἐπιϐληθέντων,
3247 3857 3330 3919 είς
3356 3856 3419 3909 τὸ
3451 3856 3552 3925 τῆς
3582 3857 3870 3920 ἀπωλείας

2270 3941 2725 4006 καταποντίζεται
2768 3939 3026 4009 πέλαγος,
3071 3937 3166 3993 καὶ
3213 3938 3578 4011 κυϐερνήτην,
3610 3940 3708 3994 καὶ
3733 3941 3871 3996 ναύ-

2270 4042 2370 4089 τας
2393 4025 2489 4080 καὶ
2513 4023 2742 4096 πρωρέα
2769 4023 2867 4078 καὶ
2893 4021 3183 4089 ἐπιϐάτας,
3218 4023 3314 4076 καὶ
3341 4022 3508 4076 αὐτὸν
3531 4023 3624 4076 τὸν
3658 4023 3870 4095 φόρτον

2276 4109 2415 4178 μετά
2454 4105 2675 4161 πάντων
2716 4104 3144 4177 προσαπολλύει.
3187 4104 3460 4178 Καθάπερ
3482 4101 3577 4161 οὖν
3615 4108 3716 4161 ἐπὶ
3752 4107 3870 4161 τῶν

2272 4189 2418 4245 οὕτω
2443 4189 2805 4261 διακειμένων
2830 4189 3052 4254 πλοίων,
3083 4189 3145 4242 06
3187 4187 3397 4260 γαλήνη
3427 4188 3730 4260 θαλάσσης,
3763 4191 3869 4246 οὐκ

2272 4275 2551 4346 ἐπιστήμη
2580 4273 2942 4346 κυϐερνήτου,
2977 4272 3039 4326 06
3073 4272 3290 4328 ναυτῶν
3331 4273 3557 4344 πλῆθος,
3599 4274 3660 4328 06
3693 4291 3868 4330 κατα-

2275 4357 2476 4426 σκευῆς
2521 4356 2898 4428 ἐπιτηδειότης
2917 4398 2933 4417 ,
2978 4356 3079 4428 οὐχ
3107 4354 3228 4428 ὥρα
3259 4355 3412 4421 ἐτους
3443 4355 3726 4429 εὔκαιρος,
3762 4361 3868 4413 οὐκ

2271 4440 2402 4494 ἀλλο
2452 4440 2606 4495 οὑδέν
2651 4441 2755 4511 τὴν
2799 4439 2944 4494 οὓτω
2990 4439 3402 4512 χειμαζομένην
3433 4441 3642 4513 ὀνίνησι
3687 4443 3826 4498 ναῦν
3847 4461 3861 4475 ·

2269 4521 2414 4576 οὕτω
2447 4521 2511 4593 δή
2554 4523 2650 4577 καὶ
2680 4523 2774 4577 ἐπὶ
2800 4522 2912 4577 τῶν
2936 4522 3271 4594 τρυφώντων
3315 4522 3528 4592 γίνεται
3549 4542 3564 4557 ο
3617 4526 3683 4579 06
3709 4533 3866 4595 λογι-

2271 4603 2426 4674 σμῶν
2455 4603 2681 4676 πλῆθος,
2710 4605 2772 4658 οὐ
2797 4603 3117 4661 διδασκαλία
3151 4604 3246 4658 καὶ
3274 4605 3619 4677 παραίνεσις,
3642 4609 3710 4662 06
3737 4627 3864 4664 νου-

2269 4687 2448 4742 θεσίαι
2473 4689 2568 4742 καὶ
2594 4686 2944 4759 συμϐουλίαι,
2973 4689 3078 4741 οὐκ
3109 4688 3235 4743 ἀλλο
3255 4689 3428 4755 οὐδὲν,
3458 4692 3520 4744 06
3553 4692 3723 4763 φόρος
3750 4693 3866 4749 τῶν

2272 4770 2600 4842 μελλόντων,
2633 4771 2735 4825 οὐκ
2766 4770 2951 4836 αίδὼς,
2979 4771 3043 4824 06
3081 4774 3385 4845 κατηγορία
3415 4773 3525 4828 τῶν
3553 4778 3862 4848 παρόντοιν,

2267 4853 2374 4906 οὐκ
2399 4852 2532 4907 ἀλλο
2575 4853 2728 4907 οὐδὲν
2755 4852 3022 4908 διασῶσαι
3049 4853 3272 4908 δύναται
3306 4856 3404 4928 τὴν
3429 4856 3574 4911 οὕτω
3595 4861 3865 4930 χειμαζοτ-

2271 4936 2442 5008 μένην
2469 4935 2678 5007 ψυχήν·
2712 4935 2830 4991 ἀλλ’
2847 4938 3138 5010 ἐπικρατεῖ
3164 4939 3382 4994 πάντων
3415 4941 3452 5012 ή
3475 4941 3737 5013 ἀμετρία,
3765 4939 3862 4999 καὶ

2267 5018 2472 5073 ἀκοντα
2496 5019 2592 5072 καὶ
2621 5019 2816 5073 ἐκόντα
2843 5018 3032 5073 λοιπον
3058 5021 3388 5094 ὑποϐρύχιον
3417 5024 3511 5078 τὸν
3536 5024 3605 5078 τά
3631 5025 3862 5082 τοιαῦτα

2233 5141 2237 5145 .
2269 5100 2530 5156 νοσοῦντα
2580 5103 2964 5174 καταφέρουσα
2988 5142 3005 5162 .
3047 5105 3149 5172 ,καὶ
3196 5104 3458 5174 ναυάγιον
3508 5108 3856 5181 ἐργαζομένη

2268 5182 2526 5254 χαλεπὸν,
2555 5184 2678 5238 ὅθεν
2706 5184 2828 5239 οὐδὲ
2855 5187 3173 5255 ἀνενεγκεῖν
3201 5187 3402 5260 ῥᾴδιον.
3438 5190 3550 5244 Καὶ
3576 5192 3699 5246 οὐδὲ
3718 5193 3862 5265 πρὸς

2267 5266 2336 5320 τὰ
2361 5267 2627 5346 μέλλοντα
2652 5268 2748 5321 καὶ
2777 5267 2874 5332 τάς
2899 5267 3132 5334 εὐθύνας
3151 5271 3251 5334 τάς
3273 5273 3408 5335 ἐκεῖ,
3436 5272 3573 5326 ἀλλὰ
3602 5275 3859 5346 καὶπρὸς

2267 5345 2376 5420 τὴν
2390 5349 2674 5422 παροῦσαν
2707 5351 2854 5424 ζωὴν
2879 5354 2910 5406 6
2931 5351 3176 5418 τοιοῦτος
3201 5354 3476 5427 ἄχρηστος
3503 5357 3732 5425 γίνεται,
3760 5345 3857 5414 καὶ

2268 5432 2404 5502 πρὸς
2431 5433 2584 5487 οὑδέν
2611 5435 2932 5505 ἐπιτήδειος,
2957 5437 3096 5491 ἀλλά
3121 5441 3396 5510 πανταχοῦ
3427 5442 3852 5511 καταγέλαστος,

2267 5513 2324 5568 ἐν
2357 5533 2416 5568 τε
2457 5517 2786 5584 τωλιτικοῖς,
2837 5519 2893 5572 ἐν
2934 5538 2995 5574 τε
3029 5521 3320 5586 ίδιωτικοίς
3367 5524 3691 5596 πράγμασιο
3748 5527 3854 5581 κάν

2265 5599 2375 5652 δέοι
2421 5617 2472 5654 τι
2519 5601 2831 5672 πραχθῆναι
2877 5602 2987 5656 τῶν
3029 5605 3488 5675 κατεπειγόντων,
3529 5609 3684 5664 οὐδὲν
3713 5626 3848 5681 προ·

2265 5683 2534 5753 νοητικὸν,
2559 5683 2714 5739 οὐδὲν
2740 5686 3084 5757 οἰκονομικὸν
3112 5688 3254 5760 έχων
3279 5689 3660 5764 εὑρεθήσεται,
3685 5696 3850 5747 πᾶσιν

2325 5785 2350 5813 ⁸
2372 5784 2509 5838 0011).
2531 5787 2613 5835 καὶ
2645 5789 2773 5851 παρὰ
2793 5789 2875 5837 τὶν
2893 5787 2981 5840 τοῦ
3001 5790 3359 5854 πότουτκαιρὰν.
