4066 6436
256 450 361 506 769

261 564 643 615 uocumentum
671 559 847 623 alert,
868 558 960 629 qui
988 555 1230 628 frigidam
1259 554 1398 609 hanc
1420 563 1473 608 et
1503 553 1736 606 solutam
1762 551 1861 606 du-

260 655 335 709 cit
360 653 524 709 vitam
544 694 561 719 ,
600 652 815 707 divitias
866 649 1028 705 habet
1066 663 1168 703 ceu
1190 662 1259 702 ex
1286 646 1521 700 fontibus
1545 643 1864 708 afﬂuentes;

261 746 402 800 alius
448 755 626 799 autem
668 743 1018 813 'mquitatem,
1068 739 1516 808 temperantiam,
1567 738 1864 806 justitiam,

261 843 596 898 ceterasque
631 834 816 888 colens
839 833 1099 898 virtutes,
1146 848 1214 886 ne
1240 831 1456 901 quidem
1504 831 1864 885 necessarium

261 930 459 984 victum
479 924 676 982 habet?
692 927 834 997 quod
854 927 939 980 hic
954 925 1126 980 bonus
1148 925 1216 980 sit
1234 935 1290 979 et
1315 924 1633 978 laboriosam
1649 922 1867 977 virtu‘is

261 1020 485 1090 elegerit
513 1020 651 1072 viam
680 1061 695 1082 ,
725 1019 813 1072 hic
839 1029 1018 1072 autem
1055 1015 1366 1084 improbus,
1419 1027 1483 1068 ac
1529 1013 1862 1068 difﬂuentem

256 1111 687 1178 dissolutamque
740 1108 992 1179 nequitia:
1035 1109 1176 1161 viam
1222 1104 1704 1177 susc’eperiHCur
1731 1120 1862 1175 ergo

257 1201 538 1271 improbus
561 1201 651 1254 ille
672 1199 907 1264 ditescil,
931 1198 1018 1254 hic
1044 1213 1174 1253 vero
1199 1198 1399 1268 probus
1427 1211 1629 1267 pauper
1650 1195 1772 1250 est?
1793 1195 1865 1251 Ut

255 1300 314 1344 et
337 1291 427 1346 hic
453 1290 710 1360 majorem
738 1290 966 1359 accipiat
985 1304 1242 1345 coronam
1266 1330 1282 1356 ,
1311 1288 1355 1343 si
1387 1289 1487 1343 ista
1514 1289 1782 1357 perferat,
1807 1296 1866 1341 et

257 1387 514 1456 patientia
546 1396 758 1448 utatur;
815 1385 906 1439 ille
943 1399 1074 1439 vero
1118 1385 1295 1453 majus
1342 1383 1660 1453 supplicium
1702 1393 1863 1452 atque

256 1490 502 1545 pennam,
531 1476 632 1529 nisi
666 1475 828 1528 vitam
854 1475 1141 1528 mutaverit
1160 1516 1177 1541 ,
1197 1473 1299 1528 nisi
1328 1473 1519 1528 melior
1545 1472 1725 1527 fuerit.
1758 1473 1862 1526 nisi

258 1567 547 1622 Dominum
589 1580 745 1621 suum
785 1566 1082 1636 agnoverit.
1140 1563 1335 1620 Dilatio
1363 1564 1508 1619 enim
1547 1578 1577 1617 a
1610 1563 1718 1617 Deo
1738 1563 1862 1616 data

257 1673 357 1714 eos
378 1658 468 1729 qui
498 1659 551 1713 in
585 1658 819 1728 nequitia
867 1666 1120 1724 manent,
1166 1656 1336 1726 magis
1369 1654 1651 1726 deprimit,
1702 1661 1862 1723 atque

253 1766 436 1805 rerum
478 1750 628 1820 copia
651 1790 666 1812 ,
700 1749 765 1803 iis
790 1749 914 1802 data
937 1789 953 1812 ,
983 1745 1073 1817 qui
1105 1748 1192 1801 illa
1226 1756 1283 1800 ut
1314 1761 1408 1815 par
1451 1756 1537 1800 est
1564 1762 1669 1799 non
1700 1755 1859 1799 utun-

250 1849 369 1908 tur,
388 1841 626 1895 accessio
645 1839 817 1908 eulpae
845 1837 1097 1892 efficitur.
1130 1838 1220 1892 Sic
1247 1846 1304 1891 et
1327 1850 1582 1890 mrmunm
1607 1843 1662 1890 et
1686 1849 1858 1904 angu-

251 1941 372 1984 stae
400 1930 687 2000 proborum
719 1938 844 1982 sunt
869 1942 1191 1982 coronarum
1221 1925 1463 1981 accessio
1481 1965 1497 1992 ,
1526 1924 1738 1980 etiamsi
1768 1924 1860 1978 iu-

255 2020 468 2075 terdum
509 2020 778 2076 labantur.
805 2018 1112 2073 'Mediocris
1163 2017 1326 2088 igitur
1375 2026 1460 2073 est
1500 2015 1695 2072 venia:
1747 2032 1856 2071 nou

250 2112 398 2165 enim
443 2111 759 2180 simpliciter
796 2119 1016 2180 peccata
1060 2108 1405 2179 judicantur,
1436 2109 1532 2163 sed
1559 2107 1667 2162 alio
1693 2106 1856 2162 modo

247 2202 438 2271 dives,
482 2205 589 2258 alio
633 2217 836 2275 pauper
865 2217 880 2253 :
907 2201 996 2256 hic
1022 2217 1146 2260 cum
1172 2203 1360 2268 venia,
1388 2200 1480 2256 ille
1531 2199 1651 2255 sine
1679 2200 1853 2255 venia.

257 2292 504 2363 Exempli
526 2309 711 2358 causa,
730 2295 798 2348 sit
826 2291 912 2347 fur
933 2301 992 2348 et
1015 2291 1329 2347 ambitiosus
1346 2331 1362 2356 ,
1393 2300 1507 2346 tum
1534 2291 1687 2346 dives
1703 2331 1720 2355 ,
1745 2300 1854 2344 tum

246 2397 451 2453 pauper
479 2402 493 2438 :
527 2383 617 2438 hic
636 2385 881 2454 quamvis
907 2383 1158 2454 frigidum
1181 2421 1200 2450 ,
1229 2382 1391 2437 habet
1419 2391 1598 2436 tamen
1636 2380 1856 2451 aliquod

246 2472 547 2543 perfugium
575 2474 907 2543 paupertatis
923 2476 1336 2538 necessitatem;
1369 2473 1460 2528 ille
1487 2488 1619 2527 vero
1648 2472 1851 2527 nullum

245 2565 411 2619 habet
432 2565 708 2635 probabile
733 2555 1031 2636 perfugium
1050 2560 1070 2620 Ξ
1100 2565 1280 2634 itaque
1300 2573 1501 2635 quanto
1523 2563 1747 2620 inferior
1767 2572 1854 2620 est

245 2668 450 2723 pauper
475 2655 527 2708 in
558 2655 811 2724 praesenti
831 2656 940 2710 vita
959 2695 976 2720 ,
1009 2664 1160 2710 tanto
1184 2655 1432 2724 superior
1456 2657 1622 2709 estin
1669 2652 1848 2708 futura

239 2745 418 2815 quoad
469 2745 608 2801 bona
653 2759 816 2814 opera
841 2786 859 2812 ,
901 2745 1055 2801 dives
1083 2759 1212 2800 vero
1237 2753 1495 2815 quantum
1525 2742 1593 2799 ad
1622 2742 1841 2798 delicta.

1374 434 1462 490 DE
1501 433 1683 490 FATO
1717 433 1800 488 ET
1840 434 2324 492 PllOVIDENTlA.
2369 433 2458 492 Vl.

3537 311 3633 334 κ..

3473 427 3578 486 770

1976 550 2054 605 Ne
2081 551 2258 619 itaque
2289 559 2444 621 putes
2471 549 2552 603 vel
2580 545 2825 616 injuriam
2849 545 2955 616 pati
2979 559 3268 616 pauperem
3290 585 3307 610 ,
3331 542 3410 600 vel
3437 557 3574 616 pm-

1979 652 2124 696 stare
2152 642 2394 696 divitem.
2426 638 2890 709 Quemadmodum
2940 640 2995 694 in
3049 640 3239 703 malis,
3266 639 3357 711 qui
3388 653 3576 710 plenas

1973 733 2064 791 hic
2085 735 2426 805 persolvunt,
2445 733 2532 789 vel
2557 743 2725 787 totum
2751 731 3071 800 abluerunt,
3092 731 3176 785 vel
3203 733 3440 788 minores
3466 733 3577 788 illic

1975 842 2162 898 pinnas
2189 824 2414 893 dabunt,
2444 835 2628 897 utpote
2651 826 2742 896 qui
2767 823 2854 879 hic
2878 839 3101 894 magnas
3124 823 3459 879 calamitates
3478 840 3576 878 suo

1971 919 2298 974 stinuerint:
2325 917 2405 974 sic
2429 925 2485 973 et
2527 917 2580 971 in
2609 916 2762 971 bonis
2781 959 2795 982 ,
2823 915 2912 986 qui
2946 915 3032 970 hic
3061 914 3356 970 honoribus
3381 913 3576 970 fruuno

1971 1020 2076 1077 tur,
2107 1019 2161 1067 ct
2188 1011 2239 1065 in
2268 1011 2501 1080 nequitia
2530 1017 2894 1079 perseverant,
2913 1006 3172 1062 honorem
3190 1022 3289 1061 ceu
3319 1005 3574 1062 viaticum

1971 1102 2170 1158 habent
2194 1102 2262 1156 ad
2288 1086 2634 1173 supplicium.
2659 1100 2793 1155 Vide
2820 1100 2979 1169 igitur
3000 1097 3270 1168 quomodo
3299 1099 3439 1154 Deus
3462 1114 3576 1153 ma-

1968 1194 2036 1250 lis
2065 1194 2198 1250 istos
2220 1194 2457 1249 honores
2480 1191 2772 1263 exprobret
2804 1209 2818 1245 :
2841 1189 2998 1245 Dedit
3029 1189 3138 1256 tibi,
3163 1189 3354 1259 inquit,
3377 1190 3574 1257 omnia,

1967 1301 2083 1356 qua
2111 1283 2320 1340 Domini
2359 1286 2435 1340 tui
2466 1284 2544 1356 {2.
2575 1283 2706 1354 Reg.
2739 1283 2826 1339 η.
2846 1283 2938 1351 8):
2966 1290 3021 1338 et
3047 1296 3255 1346 rursus,
3279 1281 3575 1336 sacerdoti-

1968 1378 2069 1433 bus
2095 1387 2339 1447 tempore
2386 1377 2504 1433 Heli
2535 1376 2794 1431 honorem
2822 1376 2902 1444 (l.
2932 1373 3057 1443 Reg.
3081 1373 3134 1427 2.
3168 1371 3265 1442 28)
3295 1389 3309 1425 :
3334 1381 3390 1427 et
3407 1373 3572 1428 alibi:

1968 1470 2104 1524 Dedi
2128 1471 2266 1525 vobis
2294 1487 2357 1524 ea:
2384 1468 2772 1524 adolescentulis
2797 1467 2978 1520 uestris
2997 1467 3051 1520 in
3090 1465 3368 1537 prophetas
3392 1506 3409 1525 ,
3428 1474 3480 1519 et
3509 1480 3574 1519 ex

1967 1562 2091 1634 filiis
2130 1562 2309 1616 vestris
2347 1563 2402 1615 in
2449 1560 2906 1629 sancti/irationem
2935 1558 3112 1629 (Amos
3162 1558 3218 1612 2.
3245 1557 3336 1624 il)
3366 1572 3382 1612 :
3411 1564 3466 1610 et
3506 1569 3573 1612 ea

1964 1671 2086 1726 quas
2115 1655 2167 1708 in
2207 1653 2493 1710 solitudine
2524 1652 2660 1708 facta
2687 1659 2830 1716 sunt,
2862 1650 3059 1722 ubique
3084 1652 3354 1721 proponit.
3387 1649 3573 1720 Imque

1965 1746 2181 1816 quando
2209 1745 2408 1800 videris
2427 1744 2650 1798 divitem
2683 1742 3000 1812 injuriosum
3024 1783 3039 1805 ,
3071 1741 3454 1806 ambitiosum,
3485 1757 3573 1796 ra-

1966 1847 2197 1906 ptorem,
2227 1837 2348 1892 ideo
2370 1836 2522 1890 illum
2552 1834 2786 1888 maxime
2809 1833 3060 1902 deploro,
3093 1831 3214 1902 quia
3246 1832 3399 1886 dives
3442 1845 3567 1887 eum

1962 1930 2052 1992 sit,
2084 1929 2199 1982 διιιο
2223 1927 2383 1982 facit:
2406 1925 2639 1996 majores
2671 1924 2820 1980 enim
2849 1936 3037 1993 pmnas
3058 1922 3228 1977 dabit.
3259 1922 3396 1978 Cum
3421 1921 3572 1978 vide-

1965 2019 2040 2073 ris
2081 2031 2378 2087 pauperem
2431 2015 2657 2072 multam
2700 2013 2925 2085 justitite
2960 2028 3147 2069 curam
3178 2011 3378 2069 habere
3400 2052 3419 2077 ,
3449 2013 3570 2068 ideo

1962 2109 2198 2165 maxime
2236 2108 2390 2164 illum
2437 2107 2740 2173 admirare,
2767 2104 2911 2177 quod
2953 2119 3076 2160 cum
3105 2114 3419 2175 paupertate
3447 2105 3572 2161 talis

1961 2203 2055 2257 sit.
2094 2200 2152 2257 Si
2199 2199 2315 2256 habe
2362 2201 2505 2272 apud
2555 2208 2611 2254 te
2656 2206 2908 2253 accurate
2943 2196 3240 2253 constituta
3279 2208 3566 2264 maneant,

1967 2305 2258 2363 numquam
2300 2289 2376 2347 de
2415 2294 2578 2346 rebus
2605 2304 2728 2361 quae
2754 2297 3016 2360 geruntur
3041 2288 3349 2344 turbaberis
3371 2329 3386 2351 ,
3426 2290 3472 2344 si
3511 2291 3565 2345 in

1962 2381 2138 2436 futura
2169 2381 2424 2452 respicias
2481 2381 2528 2437 si
2556 2379 2823 2450 presentia
2855 2378 2988 2436 nihil
3025 2390 3148 2436 esse
3185 2381 3489 2449 putaveris,
3521 2380 3565 2433 si

1960 2472 2048 2526 illa
2072 2487 2286 2541 semper
2310 2471 2612 2540 speraveris
2630 2510 2645 2536 ,
2674 2472 2719 2525 si
2746 2472 2815 2525 ab
2848 2471 2933 2527 bis
2960 2481 3014 2527 te
3056 2486 3276 2541 semper
3315 2486 3571 2542 segrega-

1959 2562 2122 2616 veris.
2154 2560 2370 2616 Utinam
2414 2575 2517 2616 nos
2543 2559 2684 2616 bona
2710 2560 2894 2616 omnia
2937 2576 3358 2632 consequantur,
3395 2565 3568 2632 gratia

1957 2651 2177 2710 Christi.
2201 2656 2397 2710 Amen.

1619 2958 1782 3040 DE
1826 2958 2165 3059 FATO,

1473 3135 1614 3179 ειη
1655 3134 1911 3179 CONTRA
1953 3135 2332 3179 INGLUVIEII.

1743 3271 2051 3334 seu

877 3419 1073 3461 ORATIO
1108 3419 1184 3458 VI.

306 3497 549 3566 Crapulte
572 3493 1198 3551 malum—Comedamas
1219 3503 1265 3550 et
1280 3493 1508 3549 bibamus
1530 3510 1549 3548 :
1575 3509 1690 3550 cras
1707 3494 1844 3548 enim

237 3591 516 3648 morientur
538 3587 708 3658 (Ism'.
729 3589 822 3644 32.
856 3587 981 3660 ιδ),
1010 3587 1394 3656 prephetarnm
1417 3596 1662 3656 tempore
1689 3585 1843 3641 multi

235 3681 378 3751 apud
400 3679 617 3736 Judzeos
641 3680 908 3734 dicebant.
935 3677 1041 3734 Sed
1078 3677 1295 3732 Iudaeos
1324 3677 1430 3732 hoc
1453 3676 1656 3742 dicere,
1697 3675 1844 3743 Quo-

233 3788 350 3824 rum
370 3772 493 3825 deus
518 3780 686 3825 venter
711 3780 806 3834 est,
832 3781 888 3838 βε
908 3770 1074 3839 gloria
1103 3770 1156 3822 in
1177 3768 1476 3836 confusione
1494 3783 1668 3821 eorum
1692 3763 1842 3838 (Plii-

235 3861 368 3932 lipp.
397 3862 452 3919 3.
482 3861 550 3916 l9
577 3860 620 3932 ),
652 3861 788 3914 nihil
811 3862 1004 3914 mirum
1035 3877 1051 3914 :
1080 3859 1223 3929 quod
1248 3869 1427 3914 autem
1452 3871 1573 3928 post
1591 3858 1841 3928 gratiam,

234 3963 362 4022 post
381 3954 726 4023 pmseutium
767 3967 946 4006 rerum
975 3951 1311 4021 despectum,
1337 3959 1456 4019 post
1484 3958 1686 4004 tantam
1717 3962 1842 4017 per-

233 4043 522 4099 fectionem
562 4044 1005 4114 diligentiamque
1052 4053 1381 4112 susceptam,
1410 4041 1628 4112 quidam
1668 4041 1845 4095 adhuc

229 4134 364 4201 sint,
387 4137 475 4204 qui
503 4136 604 4189 etsi
628 4136 744 4189 ha-c
769 4136 932 4188 verba
958 4134 1176 4204 quidem
1224 4149 1332 4204 non
1348 4138 1655 4203 proferant,
1701 4133 1842 4188 idem

231 4223 412 4294 ipsum
444 4226 696 4293 cperibus
751 4227 1007 4294 clament,
1054 4237 1251 4295 quanta
1294 4226 1421 4281 illud
1462 4225 1840 4280 criminatione

230 4317 454 4387 dignum
487 4318 612 4373 est!
660 4319 797 4375 Sunt
840 4321 1006 4384 enim,
1034 4329 1161 4374 sunt
1188 4335 1394 4382 revera,
1435 4320 1526 4389 qui
1569 4333 1631 4374 se
1656 4326 1844 4388 putent

232 4407 358 4463 ideo
402 4410 454 4464 in
496 4409 635 4465 hanc
679 4411 928 4466 inductos
965 4411 1149 4472 vitam,
1180 4421 1239 4466 ut
1263 4411 1478 4466 deliciis
1513 4411 1837 4474 difﬂuentes,

231 4510 474 4555 ventrem
514 4502 910 4572 disrumpentes
958 4517 1263 4573 corpusque
1306 4503 1732 4573 impinguantes,
1762 4501 1843 4554 sic

229 4593 460 4655 abeant,
490 4594 663 4649 lautas
715 4595 986 4649 vermibus
1027 4593 1365 4664 propriarum
1390 4594 1631 4650 carnium
1654 4593 1841 4662 epulas

231 4693 505 4752 parantes.
535 4688 714 4756 Atque
758 4685 960 4740 utinam
1005 4685 1056 4739 id
1111 4701 1274 4740 unum
1321 4694 1467 4742 esset
1502 4686 1651 4748 mali,
1693 4684 1838 4755 quod

229 4773 428 4828 frustra
457 4783 513 4828 et
563 4776 832 4830 incassum
872 4777 1159 4845 prmseutia
1210 4777 1551 4831 iusumerent
1582 4794 1596 4828 :
1623 4776 1839 4832 tametsi

227 4873 285 4920 et
334 4863 438 4920 hoc
465 4879 676 4936 quoque
721 4881 830 4920 non
883 4865 1302 4936 reprehensione
1351 4877 1407 4921 et
1453 4867 1611 4937 culpa
1657 4878 1833 4923 vacet.

228 4955 459 5022 Quando
505 4960 653 5011 euint
681 4957 936 5026 pecunias
961 4972 990 5010 a
1021 4957 1134 5013 Deo
1162 4959 1317 5012 nobis
1344 4958 1410 5012 ad
1449 4960 1694 5029 corporis
1734 4962 1835 5015 ali-

229 5057 495 5110 mentum,
522 5055 578 5101 et
602 5047 670 5101 ad
692 5062 983 5118 egenorum
1029 5048 1325 5103 subsidium
1373 5049 1546 5115 datas,
1576 5051 1628 5103 in
1675 5051 1835 5105 luxu-

226 5139 388 5203 riam,
458 5139 840 5193 cOutumeliatn
894 5148 952 5194 et
982 5149 1280 5195 extremam
1342 5143 1641 5198 socordiam
1683 5147 1828 5199 insu-

227 5229 452 5293 mimus,
482 5229 788 5298 hujusmodi
815 5233 1139 5301 nequissima
1171 5234 1410 5300 impensa
1452 5251 1557 5289 non
1580 5252 1609 5289 a
1632 5240 1835 5309 suppli-

223 5321 312 5375 cio
332 5320 589 5376 immunis
637 5322 759 5386 erit,
800 5321 895 5379 sed
929 5321 1154 5377 omnino
1192 5325 1456 5381 rationem
1497 5326 1833 5386 reddemus:

228 5411 484 5482 quodque
515 5412 586 5468 de
611 5413 848 5483 quinque
865 5413 1100 5481 talentis,
1126 5415 1195 5471 de
1213 5416 1423 5472 duobus
1449 5427 1503 5472 et
1528 5418 1597 5473 de
1615 5435 1726 5474 uno
1743 5421 1832 5476 di-

223 5516 372 5560 ctum
398 5512 483 5559 est
512 5505 723 5576 (Matth.
745 5506 835 5563 25.
872 5509 985 5579 l5),
1002 5507 1074 5563 de
1104 5510 1305 5566 divitiis
1322 5511 1497 5582 deque
1516 5514 1636 5568 aliis
1656 5516 1829 5569 oumi-

224 5598 324 5653 bus
342 5607 429 5653 est
454 5597 761 5655 dicendum.
785 5600 855 5656 Ut
882 5599 1061 5671 itaque
1085 5601 1353 5669 dicebam,
1369 5606 1415 5658 si
1441 5614 1642 5662 temere
1664 5617 1716 5674 et
1749 5609 1831 5662 in-

227 5703 438 5746 cassum
469 5689 785 5758 vixerimus,
830 5707 937 5745 non
964 5709 993 5747 a
1019 5692 1226 5747 ratione
1263 5694 1534 5751 reddenda
1575 5700 1828 5753 immunis

232 5785 340 5840 erit
374 5779 495 5836 talis
519 5781 708 5853 agendi
735 5785 874 5837 ratio
905 5801 918 5835 :
948 5799 1090 5838 nunc
1116 5788 1280 5840 etiam
1323 5797 1517 5858 praeter
1553 5790 1681 5845 illud
1723 5792 1824 5846 alia

228 5887 442 5946 quoque
466 5874 597 5930 ultio
623 5875 815 5932 aderit.
848 5876 978 5931 Nam
1006 5879 1096 5948 qui
1117 5879 1170 5933 in
1191 5880 1396 5938 deliciis
1423 5884 1549 5939 vivit
1570 5895 1624 5939 et
1650 5884 1824 5941 ebrie-

1957 3401 2054 3456 tati
2081 3401 2340 3472 indulget,
2367 3403 2456 3472 qui
2489 3407 2749 3475 parasitos
2775 3416 2831 3461 et
2856 3407 3169 3466 adulatores
3187 3410 3303 3478 alit,
3331 3415 3421 3484 qui
3441 3415 3567 3470 cibo

1945 3501 2180 3563 potuque
2199 3494 2570 3563 disrumpitur,
2587 3510 2752 3566 saepe,
2770 3497 3062 3565 velituolit,
3081 3516 3304 3570 peccare
3339 3520 3565 3562 necesse

1945 3592 2051 3648 est,
2077 3593 2133 3638 et
2159 3600 2267 3656 quo
2308 3594 2556 3658 tempore
2602 3589 2657 3642 in
2705 3591 2955 3659 pruenti
3004 3592 3125 3648 loco
3161 3604 3406 3650 versatur
3435 3597 3476 3662 ⁸,
3508 3610 3563 3652 et

1947 3674 2162 3743 quando
2183 3677 2249 3729 ad
2280 3677 2442 3732 alium
2465 3679 2885 3750 transmigravit.
2908 3681 3377 3749 Quemadmodum
3406 3690 3557 3744 enim

1947 3768 2117 3832 navis,
2159 3783 2283 3823 cum
2335 3770 2619 3840 majorem,
2666 3788 2829 3843 quam
2868 3776 3008 3832 ferre
3057 3779 3245 3846 possit,
3298 3782 3557 3837 mercium

1945 3861 2155 3930 copiam
2183 3861 2408 3931 accepit,
2435 3863 2506 3918 ob
2525 3865 2704 3920 oneris
2726 3869 3046 3936 gravitatem
3066 3870 3398 3941 demergitur
3434 3892 3448 3928 :
3476 3875 3557 3930 sic

1945 3962 2000 4007 et
2028 3955 2228 4018 anima,
2261 3964 2317 4010 et
2339 3957 2584 4026 corporis
2615 3960 2784 4013 nostri
2811 3969 3022 4024 natura,
3056 3961 3209 4032 plura
3229 3979 3390 4033 quam
3413 3964 3557 4023 ferre

1947 4045 2116 4112 possit
2137 4044 2390 4100 alimenta
2420 4047 2706 4117 recipiens,
2751 4047 3090 4121 deprimitur,
3121 4064 3176 4110 et
3225 4070 3363 4111 onus
3421 4058 3554 4127 inje~

1945 4148 2089 4188 ctum
2122 4151 2230 4189 non
2255 4135 2457 4205 ferens,
2487 4138 2540 4192 in
2570 4139 2826 4209 perniciei
2857 4142 3078 4214 pelagus
3105 4144 3458 4217 demergitur,
3496 4160 3555 4204 et

1943 4225 2356 4295 gubernatorem
2377 4238 2432 4284 et
2446 4238 2636 4285 nautas
2663 4241 2719 4287 et
2731 4247 2910 4302 prora:
2931 4234 3217 4294 ductorem
3227 4248 3280 4292 et
3308 4249 3552 4296 vectores

1945 4315 2224 4388 ipsamque
2249 4319 2516 4374 sarcinam
2542 4322 2704 4378 simul
2731 4324 2923 4393 perdit.
2952 4327 3415 4393 Quemadmodum
3453 4330 3555 4401 igi-

1952 4415 2040 4462 tur
2064 4409 2116 4462 in
2175 4409 2482 4480 hujusmodi
2509 4414 2734 4481 navibus
2789 4430 2900 4471 non
2957 4419 3316 4488 tranquillitas
3362 4422 3549 4489 maris,

1946 4516 2052 4556 non
2079 4501 2300 4558 scientia
2334 4504 2735 4574 gubematoris,
2770 4523 2876 4562 non
2922 4519 3204 4565 nautarum
3242 4514 3548 4579 multitudo,

1945 4607 2052 4646 non
2072 4604 2357 4663 apparatus
2381 4597 2756 4665 commoditas,
2783 4615 2892 4664 non
2921 4601 3047 4656 anni
3075 4613 3397 4673 tempestas,
3441 4619 3550 4662 non
3605 4669 3609 4673 _

1941 4685 2085 4740 aliud
2124 4686 2419 4757 quidpiam,
2451 4690 2532 4745 sic
2555 4692 2809 4760 agitatam
2848 4691 3000 4761 juvat
3039 4695 3218 4749 navim
3241 4713 3268 4752 ;
3300 4698 3379 4752 sic
3419 4713 3552 4754 eon-

1944 4779 2100 4849 tingit
2119 4781 2400 4837 indelicate
2426 4783 2729 4840 viventibus
2760 4803 2775 4840 :
2801 4802 2909 4841 non
2938 4789 3341 4845 ratiociniorum
3371 4795 3547 4864 copia,

1942 4889 2048 4928 non
2078 4873 2322 4929 doctrina
2351 4884 2407 4929 et
2435 4876 2765 4942 adhortatio,
2789 4895 2896 4934 non
2919 4880 3314 4939 admonitiones
3341 4895 3396 4941 et
3414 4901 3550 4942 con-

1940 4967 2080 5031 silia,
2115 4983 2221 5021 non
2245 4966 2390 5022 aliud
2419 4968 2715 5040 quidpiam,
2741 4986 2847 5026 non
2877 4973 3039 5027 titnor
3065 4973 3387 5039 futurorum,
3437 4994 3546 5034 non

1940 5058 2131 5126 pudor,
2162 5075 2268 5112 non
2317 5063 2661 5129 praesentium
2711 5063 3004 5124 accusatio.
3038 5081 3142 5118 non
3165 5067 3308 5121 aliud
3338 5068 3549 5137 quidvis

1913 5161 2112 5218 potest
2138 5152 2216 5205 sic
2243 5154 2494 5222 agitatam
2531 5155 2765 5208 animam
2806 5170 3061 5221 servare;
3093 5158 3188 5212 sed
3217 5159 3549 5216 immodera-

1939 5245 2012 5296 tio
2035 5244 2214 5297 omnia
2265 5252 2505 5314 superat,
2549 5261 2671 5316 quae
2710 5247 2812 5302 hac
2851 5249 3168 5319 aegritudine
3210 5250 3545 5308 laborantem

1937 5330 2063 5390 velit
2094 5334 2228 5389 nolit
2255 5335 2510 5406 deprimit
2529 5351 2595 5392 ac
2632 5337 2916 5409 demergit,
2963 5339 3410 5413 naufragiumque
3446 5360 3545 5410 pa-

1935 5434 2039 5490 rat,
2084 5424 2230 5481 unde
2276 5440 2398 5483 sese
2427 5427 2688 5485 reducere
2721 5428 2945 5486 difﬂcile
2972 5439 3073 5486 est.
3132 5430 3316 5502 Neque
3345 5433 3412 5488 ad
3453 5449 3543 5489 res

1935 5517 2139 5575 futuras
2164 5528 2219 5573 ct
2243 5519 2308 5573 ad
2341 5518 2578 5576 rationes
2602 5520 2673 5575 ibi
2694 5521 2996 5576 reddendas
3018 5534 3244 5586 tantum,
3263 5525 3359 5580 sed
3380 5527 3540 5579 etiam

1934 5611 2000 5666 ad
2039 5621 2361 5682 prmsentem
2391 5613 2558 5669 vitam
2582 5614 2896 5686 hujusmodi
2922 5617 3086 5673 homo
3113 5619 3320 5674 inutilis
3363 5618 3542 5674 reddi-

1932 5713 2038 5771 tur,
2072 5720 2172 5759 nec
2215 5705 2282 5759 ad
2312 5705 2586 5776 quidpiam
2619 5707 2842 5762 idoneus
2879 5720 2986 5775 est,
3029 5709 3126 5766 sed
3169 5711 3367 5782 ubique
3398 5711 3543 5766 deri-

1930 5793 2138 5851 dendus
2165 5806 2274 5851 tmn
2301 5793 2364 5852 'iu
2417 5798 2689 5865 civilibus,
2742 5810 2853 5854 tum
2906 5801 2958 5856 in
3003 5803 3237 5874 propriis
3285 5805 3532 5876 negotiis.

1993 5909 2009 5940 ί
2044 5907 2198 5968 Colb.,
2217 5915 2263 5960 et
2283 5921 2374 5971 per
2670 5915 2878 5974 tempus.
