4066 6428
584 431 678 485 771

585 550 694 603 Etsi
721 547 912 618 aliquid
937 545 1075 616 quod
1091 557 1284 615 uigeat
1304 548 1373 599 sit
1403 547 1685 614 agendum,
1708 561 1811 599 non
1835 542 2160 612 providendi,

583 658 690 696 non
713 639 1110 695 administrandi
1139 638 1438 696 facultatem
1463 639 1659 692 habere
1689 634 2119 706 deprehendetur
2148 651 2161 687 :

585 731 815 785 inimicis
857 730 1102 784 omnibus
1142 736 1297 798 captu
1344 725 1535 790 facilis,
1591 726 1775 780 amicis
1818 727 2065 779 omnibus
2114 733 2168 776 et

585 819 893 889 propinquis
945 819 1165 872 inutilis.
1215 817 1399 887 Neque
1463 819 1634 872 solum
1707 817 1759 869 in
1808 815 2059 884 periculis
2115 825 2168 866 et

584 909 971 963 calamitatibus
1035 907 1192 963 facile
1245 908 1497 961 damnum
1560 906 1815 974 accipiet,
1881 918 2052 973 neque
2114 904 2165 956 in

577 1002 746 1055 rebus
797 1002 1001 1070 pacatis
1069 1009 1123 1054 et
1186 997 1480 1066 tranquillis
1553 1005 1757 1086 tant/um
1819 993 2170 1048 intolerabilis

584 1096 688 1147 erit
717 1111 730 1158 ;
764 1094 856 1147 sed
902 1095 1142 1148 etiamm
1186 1105 1345 1145 renus
1397 1090 1622 1158 asperis,
1673 1087 1745 1141 ob
1784 1086 2170 1140 moderationis

590 1187 858 1254 penuriam
880 1227 894 1252 ,
945 1185 1010 1237 ad
1038 1183 1240 1252 singula
1269 1196 1386 1251 quae
1411 1179 1653 1234 accident
1681 1180 1877 1232 inutilis
1900 1178 2019 1232 erit.
2062 1176 2170 1229 Illic

588 1276 754 1340 enim,
783 1275 833 1328 in
863 1274 1115 1327 aerumnis
1143 1272 1292 1332 dico,
1323 1269 1527 1339 ignavia
1548 1311 1563 1334 ,
1594 1268 1924 1322 imbecillitas
1944 1307 1959 1329 ,
1999 1274 2170 1319 metus

588 1367 811 1434 ingens,
859 1362 1067 1417 consilii
1113 1361 1328 1430 penuria
1373 1358 1654 1428 occupabit
1701 1357 1884 1420 illum;
1934 1356 2021 1410 hic
2045 1368 2171 1408 vero

588 1455 804 1509 audacia
826 1494 842 1520 ,
870 1453 1114 1508 socordia
1135 1494 1150 1520 ,
1177 1452 1390 1508 lascivia
1409 1491 1423 1513 ,
1465 1450 1833 1504 immoderatio
1858 1489 1871 1507 ,
1903 1449 2167 1516 superbia,

578 1548 890 1616 arrogantia
920 1546 1088 1613 magis
1116 1559 1272 1612 quam
1317 1541 1593 1609 superiora
1639 1537 2022 1592 intractabilem
2049 1531 2173 1587 facit

583 1637 861 1691 omnibus.
908 1633 1091 1702 Neque
1120 1633 1260 1686 enim
1293 1629 1596 1698 huiusmodi
1639 1626 1910 1681 hominum
1950 1638 2173 1693 corpora

596 1737 799 1779 tantum
828 1723 1086 1778 deformia
1112 1731 1253 1785 sunt,
1283 1720 1482 1783 mollia,
1512 1717 1821 1778 diffluentia,
1851 1724 1986 1769 tetro
2011 1713 2175 1767 odore

581 1817 822 1884 ‘undique
851 1815 1005 1883 plena
1046 1812 1385 1879 efficiuntur;
1430 1809 1524 1864 sed
1551 1809 1710 1863 etiam
1740 1807 1914 1858 anima
1951 1817 2176 1872 corpore

593 1908 750 1975 longe
776 1905 1064 1958 deformior
1089 1910 1202 1967 est,
1238 1901 1527 1968 majoribus
1545 1940 1559 1964 ,
1588 1913 1745 1967 quam
1780 1896 1907 1950 illud
1929 1938 1943 1960 ,
1976 1895 2176 1948 morbis

580 2011 657 2049 ex
692 1993 897 2048 deliciis
936 1991 1142 2046 affecta.
1192 1987 1647 2056 Quemadmodum
1675 1987 1816 2040 enim
1845 1999 2044 2053 corpus
2071 1998 2175 2036 non

579 2092 928 2139 excrementa
969 2081 1128 2136 modo
1172 2078 1427 2134 naturalia
1467 2077 1694 2140 emittit,
1739 2074 1833 2128 sed
1877 2074 2036 2126 etiam
2075 2074 2175 2124 alia

594 2175 738 2228 omni
762 2189 825 2228 ex
849 2182 999 2242 parte
1024 2171 1241 2225 uberius
1263 2166 1532 2238 profundit
1557 2183 1572 2219 :
1599 2165 1793 2220 etenim
1814 2163 1974 2226 oculi,
2000 2176 2174 2222 nares,

589 2276 646 2320 et
675 2281 766 2320 ora
785 2306 800 2329 ,
832 2265 957 2318 dum
988 2263 1242 2317 interiora
1272 2261 1371 2315 hac
1395 2259 1715 2314 abundantia
1747 2265 2050 2325 gravantur,
2083 2256 2175 2306 liti-

592 2371 742 2410 iuore
787 2355 1060 2408 teterrima
1105 2362 1158 2405 et
1207 2352 1546 2419 corruptione
1594 2348 1920 2417 implentur,
1964 2354 2018 2400 et
2065 2347 2175 2411 ipsa

529 2443 554 2480 "
593 2447 772 2500 carnis
802 2455 986 2498 natura
1019 2443 1230 2496 mollior
1258 2441 1442 2494 effecta
1467 2454 1623 2510 quam
1655 2453 1752 2508 pro
1783 2437 2005 2491 naturali
2038 2446 2173 2489 tetn-

589 2547 931 2606 peramento,
979 2534 1130 2604 quasi
1184 2549 1340 2587 C(PIIO
1383 2542 1436 2585 et
1481 2532 1683 2600 impura
1734 2529 1912 2582 illuvie
1959 2527 2172 2588 referta,

591 2625 768 2695 putida
797 2626 954 2679 simul
997 2633 1050 2677 et
1091 2625 1232 2676 iners
1259 2621 1518 2685 efﬁcitur,
1559 2629 1715 2688 atque
1755 2619 1822 2671 ad
1861 2633 2018 2672 omne
2043 2633 2176 2685 opus

593 2716 792 2769 bonum
841 2716 1037 2782 inepta.
1087 2712 1219 2766 Nam
1258 2720 1313 2765 et
1357 2713 1467 2781 ipsa
1499 2718 1681 2775 terra,
1725 2723 1846 2762 cum
1892 2709 1980 2762 tali
2024 2708 2175 2776 copia

583 2820 846 2874 oppressa
874 2804 1145 2873 proprium
1171 2803 1513 2869 innatumque
1531 2801 1762 2852 calorem
1785 2798 1998 2858 amittit,
2024 2812 2173 2850 suam

590 2898 716 2951 item
745 2898 850 2949 vim
883 2895 1092 2964 perdit,
1123 2908 1185 2948 ac
1231 2906 1402 2961 neque
1442 2891 1509 2945 ad
1551 2890 1849 2953 culturam,
1896 2902 2068 2956 neque
2108 2888 2172 2940 ad

592 2987 919 3041 fertilitatem
953 2999 1101 3037 suam
1127 2991 1214 3038 est
1244 2983 1453 3035 idonea.
1483 2981 1616 3034 llinc
1642 2990 1819 3032 autem
1850 2979 2098 3047 gravibus
2122 2985 2176 3029 et

589 3075 974 3129 insanabilibus
1004 3074 1204 3127 morbis
1245 3072 1602 3140 corripiuntur
1630 3070 1704 3133 ii,
1749 3068 1838 3137 qui
1881 3069 1932 3121 in
1971 3066 2175 3121 deliciis

582 3176 849 3235 .perpetuo
876 3165 1058 3217 vivunt
1085 3179 1100 3215 :
1131 3160 1470 3223 tremoribus,
1499 3159 1779 3222 solutione,
1811 3158 1959 3222 tabe,
1988 3160 2176 3225 capitis

593 3271 829 3319 mucore,
861 3254 1055 3325 pedum
1088 3267 1443 3320 manuumque
1470 3249 1762 3314 doloribus,
1794 3249 2020 3317 aliisque
2044 3249 2175 3300 mul-

581 3348 689 3409 tis,
735 3361 867 3414 quos
911 3343 1102 3397 medici
1151 3348 1488 3405 memorant,
1535 3339 1747 3393 obnoxii
1795 3337 1944 3391 fiunt.
1992 3339 2173 3405 Itaque

577 3437 794 3491 etiamsi
817 3451 920 3489 non
942 3433 1206 3504 gehenna,
1234 3447 1336 3487 non
1365 3445 1543 3499 pana,
1567 3445 1740 3499 neque
1765 3438 2004 3484 extrema
2024 3427 2177 3482 dam-

588 3531 733 3583 natio
760 3544 788 3581 a
823 3528 934 3582 Deo
962 3535 1139 3590 esset,
1181 3539 1353 3595 neque
1379 3524 1446 3579 ab
1476 3523 1780 3578 hominibus
1807 3522 2171 3592 reprehensio,

589 3636 698 3674 non
715 3626 957 3688 sumptus
980 3615 1287 3686 importuni,
1307 3629 1477 3684 neque
1497 3615 1601 3668 alia
1626 3614 1904 3668 innumera
1922 3629 1952 3668 a
1968 3613 2173 3669 deliciis

578 3720 803 3774 exorta,
834 3709 1038 3777 hocque
1077 3707 1249 3761 solum
1293 3705 1524 3769 adesset,
1568 3719 1746 3758 annon
1785 3704 1914 3758 satis
1942 3714 2083 3758 esset
2105 3704 2172 3758 ad

581 3815 776 3855 omnes
801 3798 1156 3853 avertendos?
1198 3796 1505 3866 Huiusmodi
1535 3809 1763 3866 namque
1801 3809 1998 3850 mensa:
2024 3811 2172 3850 mor-

584 3892 756 3946 tiferis
787 3890 1086 3959 potionibus
1112 3888 1279 3942 nihilo
1309 3887 1557 3941 meliores
1580 3898 1742 3951 sunt;
1773 3887 1881 3942 imo
1907 3889 2098 3952 etiam,
2128 3889 2171 3941 si

583 3997 710 4037 vere
755 3980 1035 4036 dicendum
1087 3980 1194 4045 sit,
1239 3977 1396 4047 longe
1437 3977 1750 4032 deteriores.
1796 3978 1902 4031 Illa:
1945 3993 2174 4046 namque

584 4083 882 4130 sumentem
909 4073 1193 4127 confestim
1221 4073 1287 4126 de
1312 4071 1490 4125 medio
1520 4071 1740 4136 tollunt,
1769 4081 1823 4126 et
1851 4071 1916 4126 ad
1948 4082 2171 4126 mortem

586 4170 705 4223 sine
732 4166 969 4221 cruciatu
1006 4165 1296 4229 deducunt,
1339 4172 1396 4216 ut
1424 4178 1491 4217 ne
1517 4162 1584 4216 de
1624 4162 1723 4217 hac
1747 4159 1962 4233 quidem
1990 4180 2049 4218 re
2073 4165 2172 4218 do-

582 4260 690 4314 leat
741 4260 785 4312 is
830 4257 920 4328 qui
965 4257 1188 4310 moritur
1231 4272 1243 4306 :
1286 4254 1492 4308 deliciae
1532 4268 1659 4307 vero
1699 4255 1860 4308 vitam
1910 4255 2174 4310 sexcentis

588 4349 849 4403 mortibus
875 4346 1173 4416 graviorem
1219 4342 1475 4397 inducunt
1513 4343 1599 4409 iis,
1640 4346 1731 4414 qui
1777 4344 1917 4412 ipsas
1961 4345 2174 4413 plurimi

585 4441 826 4503 faciunt;
855 4439 1015 4491 vitam
1034 4479 1047 4499 ,
1076 4437 1310 4504 inquam,
1340 4451 1444 4488 non
1476 4433 1638 4488 modo
1670 4433 2044 4498 miserabilem,
2079 4436 2172 4489 sed

593 4534 755 4586 etiam
781 4541 989 4598 torpent
1013 4537 1068 4581 et
1098 4525 1395 4580 ridiculam.
1430 4525 1531 4578 Alii
1551 4524 1748 4593 quippe
1776 4525 1944 4578 morbi
1977 4527 2174 4580 multos

586 4629 641 4682 in
673 4633 873 4694 partem
903 4619 1105 4674 doloris
1128 4598 1409 4680 advocant,
1449 4624 1710 4684 quotquot
1745 4624 1922 4671 autem
1947 4632 2010 4671 ex
2036 4617 2171 4671 deli-

583 4717 684 4772 ciis
722 4724 775 4766 et
811 4711 1068 4765 ebrietate
1109 4708 1386 4772 oriuntun,
1414 4715 1759 4774 spectatores,
1791 4721 1858 4759 ne
1883 4706 2098 4775 quidem
2129 4708 2172 4761 si

586 4807 771 4868 velint,
803 4805 982 4857 sinunt
1006 4798 1250 4854 misereri
1280 4812 1489 4861 eorum,
1514 4797 1601 4865 qui
1633 4796 1930 4866 huiusmodi
1959 4799 2171 4867 :rgritu-

591 4900 714 4951 dine
738 4895 875 4962 capti
906 4902 1070 4954 sunt;
1119 4889 1212 4942 sed
1254 4886 1558 4956 magnitudo
1599 4887 1725 4940 mali
1769 4886 1834 4940 ad
1874 4888 2175 4942 miserieora

587 4992 729 5043 diam
762 4981 1203 5046 inﬂectit,.m0t'bi
1232 4987 1412 5033 autem
1443 4978 1674 5040 occasio,
1707 4979 1749 5032 si
1779 4987 1899 5031 nota
1926 4979 2013 5042 sit,
2043 4980 2176 5032 indi-

587 5078 892 5151 gnationem
922 5081 1119 5127 mmet.
1169 5070 1428 5137 Quoniam
1469 5069 1686 5137 ancipiti
1715 5069 1942 5137 quodam
1983 5069 2177 5126 affectu

527 5212 530 5215 .
589 5182 865 5232 tenemur,
897 5179 996 5219 nec
1036 5163 1352 5217 miserantur
1377 5175 1471 5214 eos
1504 5175 1517 5212 :
1562 5157 1614 5213 id
1654 5161 1796 5214 enim
1820 5169 1962 5215 vetat
2003 5163 2174 5217 morbi

589 5273 750 5314 causa
777 5274 792 5321 ;
823 5270 995 5324 neque
1025 5253 1300 5306 irascimur
1332 5269 1344 5304 :
1380 5250 1433 5305 id
1464 5250 1606 5304 enim
1635 5263 1742 5303 non
1771 5251 2030 5319 permittit
2060 5268 2173 5306 nia-

591 5348 812 5418 gnitudo
856 5345 1020 5407 mali;
1069 5343 1162 5396 scd
1207 5343 1343 5395 inter
1386 5340 1856 5411 reprehensionem
1888 5351 1940 5395 et
1967 5342 2174 5396 veniam

594 5440 960 5495 consistimus.
1012 5434 1191 5503 Neque
1230 5435 1368 5486 enim
1414 5450 1441 5484 a
1487 5442 1673 5486 natura
1700 5434 2001 5489 cruciantur
2042 5436 2179 5489 sicut

593 5533 707 5595 illi,
744 5544 914 5598 neque
954 5528 1226 5581 hominum
1268 5525 1472 5578 insidiis
1513 5534 1862 5592 appetuntur,
1894 5543 2074 5582 verum
2107 5529 2175 5581 illi

595 5624 694 5692 ipsi
724 5631 967 5673 auctores
994 5618 1096 5672 sibi
1125 5617 1308 5668 harum
1335 5614 1708 5684 mgritudinum
1737 5625 1878 5679 sunt,
1911 5628 1964 5671 et
1989 5627 2176 5684 sponte

596 5731 656 5769 se.
699 5715 748 5767 in
796 5700 1054 5766 malorum
1086 5707 1394 5761 barathrum
1427 5707 1776 5775 przecipitaut.
1823 5707 2178 5775 Quemadmo-

602 5810 730 5860 dum
762 5806 915 5870 igitur
941 5815 1034 5855 eos
1055 5840 1068 5865 ,
1110 5799 1198 5869 qui
1243 5799 1457 5868 laqueos
1492 5797 1589 5853 sibi
1616 5807 1836 5868 parant,
1870 5811 1923 5855 et
1965 5816 2054 5856 eos
2083 5805 2169 5870 qui

1316 431 1370 484 S.
1412 428 1687 484 JOANNlS
1722 427 2201 484 CIIRYSOSTOMI
2230 429 2543 484 AllCHlEl’.
2574 430 3106 487 CONSTANTINUP.

3736 428 3836 482 772

2274 558 2332 597 se
2357 560 2452 613 per
2479 547 2764 614 prmeipitia
2785 548 3092 616 conjiciunt,
3121 558 3173 600 et
3196 548 3282 617 qui
3307 561 3401 615 per
3427 549 3634 602 medios
3652 550 3851 619 gladios

2275 635 2374 689 sibi
2405 638 2564 691 vitam
2594 639 2844 706 eripiunt,
2878 641 2957 692 sic
2983 639 3080 693 hos
3106 656 3210 693 non
3242 639 3462 694 multum
3491 643 3809 694 miseramnr
3836 660 3848 671 ·

2277 728 2384 779 imo
2405 730 2448 782 si
2473 731 2622 782 venia
2649 729 2819 783 danda
2857 730 2960 792 sit,
3002 730 3108 784 illis
3154 731 3326 798 potius
3364 745 3522 800 quam
3568 730 3684 783 istis
3709 731 3844 784 dabi-

2278 833 2412 881 mus,
2446 821 2654 874 etiamsi
2686 821 2760 874 illi
2791 822 2988 874 nullam
3015 824 3219 876 veniam
3249 835 3576 876 mercantur.
3612 823 3688 876 llli
3714 827 3850 877 enim

2277 911 2357 962 vel
2384 910 2668 964 calumniis
2688 952 2702 973 ,
2733 911 2815 964 vel
2860 912 3199 979 pecuniarum
3228 913 3439 968 inuictis
3458 953 3473 977 ,
3520 921 3614 965 aut
3642 912 3857 980 periculi

2277 999 2618 1068 plagarumve
2648 1011 2790 1056 metu
2810 1043 2824 1066 ,
2855 1012 2945 1054 aut
2973 1003 3072 1056 alia
3100 999 3345 1071 quapiam
3376 1002 3688 1066 formidine,
3718 1014 3773 1056 ut
3803 1017 3860 1057 se

2277 1090 2567 1156 majoribus
2597 1093 2750 1145 ntalis
2779 1093 3047 1158 eximant,
3087 1093 3153 1144 ad
3179 1093 3364 1146 mortis
3395 1092 3645 1145 solatium
3671 1092 3848 1146 confu-

2275 1182 2458 1249 giunt,
2488 1183 2554 1236 ad
2593 1184 2900 1253 obitumque
2925 1199 3024 1237 ceu
3066 1183 3134 1237 ad
3177 1183 3382 1240 asvlum
3417 1184 3727 1246 decurrunt,
3773 1179 3856 1234 vel

2279 1273 2428 1339 quasi
2472 1273 2537 1326 ad
2586 1275 2922 1342 tranquillum
2968 1284 3174 1343 portum
3219 1277 3497 1343 ingruente
3543 1282 3860 1342 tempestate

2279 1378 2400 1418 sese
2427 1378 2548 1418 cum
2598 1364 2935 1419 festinatione
2978 1365 3241 1434 recipiunt
3273 1383 3289 1420 :
3323 1365 3375 1418 hi
3403 1380 3531 1421 vero
3569 1381 3691 1421 cum
3731 1363 3861 1419 nihil

2281 1453 2383 1507 tale
2406 1454 2740 1523 prietendere
2769 1455 2992 1523 possint,
3021 1455 3143 1510 vitae
3167 1458 3432 1510 sexcentis
3458 1457 3706 1511 violentis
3731 1471 3863 1510 mor-

2283 1544 2422 1596 tibus
2446 1546 2677 1612 graviori
2725 1562 2846 1600 sese
2886 1547 3235 1600 tradiderunt.
3276 1548 3394 1602 Jaut
3438 1548 3524 1602 hic
3566 1559 3864 1617 opportune

2283 1645 2731 1689 commemoretur
2775 1637 2899 1690 illud
2943 1639 3197 1706 sapientis
3228 1654 3241 1690 :
3279 1637 3404 1701 Quis
3434 1639 3746 1692 miserebitur
3781 1641 3865 1692 in-

2281 1725 2554 1777 cantatoris
2577 1765 2592 1789 ,
2620 1727 2664 1779 si
2691 1742 2723 1778 a
2750 1737 2979 1795 serpente
3005 1728 3022 1758 ¹
3052 1727 3342 1780 mordeatur
3363 1769 3378 1791 ,
3408 1739 3456 1781 et
3484 1729 3710 1783 omnium
3734 1771 3750 1794 ,
3780 1729 3869 1800 qui

2282 1831 2336 1869 se
2360 1817 2479 1883 [eris
2517 1817 2781 1870 admovent
2827 1816 3028 1887 (Ecclt'.
3059 1819 3146 1871 12.
3178 1819 3330 1887 15)?
3374 1819 3507 1874 Fera
3551 1822 3697 1874 enim
3746 1831 3869 1875 sunt

2284 1905 2489 1960 delicia:
2510 1948 2525 1972 ,
2556 1905 2665 1961 fera
2694 1909 2870 1976 gravis
2899 1917 2953 1962 et
2984 1909 3363 1972 intractabilis;
3409 1925 3584 1979 neque
3623 1912 3870 1979 scorpius

2281 2006 2375 2050 aut
2399 2012 2620 2067 serpens
2641 1999 2935 2054 visceribus
2961 2001 3157 2054 nostris
3183 2003 3392 2055 haerens
3417 1999 3487 2054 ita
3518 2000 3872 2069 undequaqne

2282 2087 2542 2153 devastat,
2572 2097 2628 2142 ut
2652 2089 2958 2143 deliciarum
2984 2089 3246 2157 cupiditas
3279 2090 3459 2142 omnia
3489 2090 3684 2144 evertit
3711 2099 3873 2158 atque

2283 2180 2565 2232 consumit.
2595 2179 2745 2234 Ferae
2765 2196 2996 2251 namque
3019 2181 3124 2234 illa:
3143 2181 3354 2250 corpori
3381 2191 3590 2235 tantum
3614 2181 3874 2236 insidian-

2287 2280 2370 2324 tur
2397 2289 2410 2323 :
2445 2270 2559 2324 hzec
2586 2282 2766 2326 autem
2795 2271 2882 2326 ubi
2909 2273 3066 2326 sedes
3091 2273 3347 2339 posuerit,
3388 2282 3440 2326 et
3459 2288 3656 2341 corpus
3676 2282 3736 2327 et
3759 2275 3876 2327 ani-

2285 2377 2423 2414 mam
2465 2362 2792 2430 pessumdat.
2837 2361 3193 2428 Quamobrem
3236 2362 3499 2432 fugiamus
3540 2363 3610 2418 ab
3651 2364 3743 2420 illa
3769 2405 3786 2429 ,
3821 2376 3876 2418 ut

2287 2453 2633 2519 prudentibus
2659 2451 2867 2522 loquor.
2911 2454 2968 2509 Si
2994 2454 3120 2524 quid
3147 2455 3236 2509 illa
3276 2455 3468 2509 habeat
3497 2457 3744 2510 utilitatis
3764 2498 3780 2520 ,
3810 2475 3877 2510 ne

2285 2544 2398 2599 ha:c
2433 2545 2570 2599 dicta
2601 2546 2927 2614 perferamus
2949 2589 2964 2611 ,
3013 2563 3078 2600 ne
3117 2547 3583 2616 obtemperemus;
3636 2550 3721 2602 sin
3749 2565 3876 2603 vera

2283 2644 2410 2689 sunt
2457 2650 2576 2704 qua:
2617 2636 2901 2701 dicuntur,
2945 2646 2999 2689 et
3042 2637 3156 2690 haec
3192 2639 3263 2690 sit
3300 2638 3536 2691 omnium
3583 2641 3874 2708 pernicies,

2285 2742 2477 2795 resque
2503 2729 2742 2782 omnium
2784 2728 3154 2782 ridiculissima
3175 2767 3191 2794 ,
3217 2729 3368 2782 vobis
3395 2730 3523 2797 ipsis
3549 2741 3604 2784 et
3629 2733 3877 2800 corporis

2286 2818 2578 2872 valetudini
2609 2820 2905 2890 animaque
2933 2819 3142 2872 sanitati
3169 2828 3390 2887 pareite.
3427 2823 3544 2873 Non
3569 2830 3694 2875 dico
3723 2834 3783 2876 ut
3810 2821 3876 2876 ad

2283 2910 2454 2962 victus
2496 2911 2834 2977 asperitatem
2868 2920 2918 2964 te
2960 2911 3242 2976 conferas,
3291 2911 3392 2966 nisi
3438 2913 3552 2980 ipse
3595 2912 3874 2967 volueris:

2282 3000 2545 3070 superflua
2601 3017 2937 3066 resecemus,
2989 3016 3094 3055 non
3143 3004 3446 3056 necessaria
3497 3003 3874 3071 pmidamus.

2281 3093 2396 3158 Qua
2420 3094 2570 3148 venia
2595 3093 2740 3162 digiti
2769 3096 2989 3158 erimus,
3020 3093 3232 3162 quando
3259 3093 3348 3146 alii
3379 3108 3444 3146 ne
3468 3093 3629 3147 rebus
3654 3093 3876 3162 quidem

2283 3185 2599 3237 necessariis
2624 3184 2886 3248 fruuntur,
2926 3185 3050 3238 licet
3077 3186 3127 3237 in
3153 3198 3337 3237 eorum
3365 3183 3436 3236 sit
3461 3193 3750 3254 poteState,
3780 3198 3878 3239 nos

2283 3289 2414 3328 vero
2441 3274 2741 3328 necessaria
2776 3275 2932 3344 longe
2968 3273 3471 3342 przetergredimur?
3509 3273 3676 3328 Nobis
3701 3275 3878 3328 victus

2283 3364 2542 3418 terminus
2565 3365 2634 3417 sit
2655 3363 2794 3432 quod
2822 3379 2927 3417 non
2953 3364 3132 3428 lzedat,
3154 3365 3295 3431 quod
3317 3363 3514 3419 famem
3536 3365 3652 3419 sine
3671 3364 3878 3418 damno

2283 3454 2590 3524 propulset,
2645 3455 2866 3510 ulterius
2893 3470 3024 3509 vero
3067 3454 3197 3509 nihil
3240 3457 3582 3525 requiramus
3617 3474 3633 3510 :
3679 3457 3797 3512 imo
3832 3457 3878 3510 si

2279 3547 2421 3618 quod
2466 3547 2712 3601 mirabile
2753 3548 2896 3601 dictu
2937 3556 2992 3601 et
3019 3558 3213 3616 praeter
3241 3549 3381 3618 vulgi
3410 3549 3722 3632 opinionem
3750 3591 3769 3615 ,
3797 3560 3881 3604 est

2283 3647 2461 3693 tamen
2487 3654 2670 3692 verum
2693 3679 2707 3702 ,
2752 3640 2996 3708 proferre
3035 3640 3189 3695 liceat
3217 3657 3232 3693 :
3261 3642 3307 3694 si
3343 3641 3670 3709 voluptatem
3708 3644 3880 3697 etiam

2279 3746 2602 3800 quaeramus,
2643 3733 2786 3786 illam
2822 3733 2997 3801 potius
3035 3732 3089 3788 in
3130 3733 3406 3788 moderato
3431 3731 3584 3799 Cibo,
3625 3751 3795 3804 quam
3827 3737 3878 3790 in

2281 3823 2487 3878 deliciis
2520 3826 2867 3892 reperiemus.
2899 3826 3037 3880 Audi
3067 3826 3336 3895 quomodo
3366 3826 3481 3881 haec
3509 3828 3761 3896 voluptas
3790 3829 3880 3882 illa

2282 3918 2453 3985 major
2479 3928 2532 3972 et
2559 3921 2774 3974 uberior
2811 3922 2898 3974 sit.
2943 3921 3034 3974 Illa
3070 3930 3217 3975 certe
3255 3923 3442 3991 nequit
3477 3921 3695 3976 demum
3740 3939 3879 3979 con-

2280 4008 2492 4073 sistere,
2520 4023 2694 4078 neque
2718 4020 2958 4065 naturam
2986 4010 3227 4065 ciborum
3251 4011 3351 4066 sibi
3374 4011 3622 4066 idoneam
3645 4013 3877 4079 invenit;

2283 4098 2396 4152 haec
2417 4113 2549 4152 vero
2591 4100 2750 4152 etiam
2775 4115 2843 4153 ex
2878 4100 3162 4155 contrariis
3189 4101 3481 4156 subsistere
3509 4111 3708 4170 potest.
3744 4104 3881 4170 Quis

2285 4190 2384 4241 hoc
2407 4189 2524 4242 ait?
2567 4188 2613 4243 ls
2642 4191 2730 4258 qui
2761 4192 2992 4246 maxime
3016 4192 3253 4247 omnium
3295 4192 3378 4246 his
3415 4191 3711 4247 fruebatur.
3741 4196 3877 4248 Aui-

2281 4295 2393 4344 mw,
2426 4280 2611 4348 inquit,
2634 4281 2899 4351 indigenti,
2925 4297 3038 4351 qua
3055 4299 3230 4336 amara
3248 4292 3388 4348 sunt,
3415 4283 3586 4335 dulcia
3605 4282 3845 4336 sidentur
3859 4299 3879 4336 :

2280 4372 2447 4423 anima
2471 4371 2656 4424 satiata
2684 4373 2835 4426 etiam
2872 4372 3000 4440 favis
3041 4373 3207 4425 illudi!
3233 4373 3251 4441 (
3276 4371 3429 4425 Prov.
3459 4372 3550 4426 27.
3576 4373 3607 4425 7
3633 4376 3674 4442 ).
3711 4373 3877 4428 Vides

2279 4462 2547 4529 quomodo
2592 4461 2736 4515 illam
2785 4462 3001 4531 quidem
3030 4472 3085 4517 et
3126 4477 3191 4516 ex
3235 4464 3415 4532 paucis
3440 4473 3495 4518 et
3521 4478 3591 4517 ex
3618 4466 3878 4520 omnibus

2281 4554 2565 4606 sustentari
2614 4552 2767 4607 facile
2794 4554 2897 4619 sit,
2934 4552 3072 4607 hanc
3096 4568 3222 4608 vero
3247 4554 3509 4610 minime?
3537 4553 3595 4610 Si
3624 4557 3776 4612 enim
3809 4575 3878 4613 ne

2286 4641 2458 4696 favum
2504 4643 2720 4711 quidem
2764 4645 3101 4713 expetimus,
3145 4645 3271 4715 quid
3319 4647 3474 4700 nobis
3523 4655 3702 4715 potest
3751 4663 3878 4704 esse

2282 4733 2475 4801 volupe
2503 4734 2571 4787 de
2599 4735 2836 4788 caetero?
2862 4736 2907 4789 si
2933 4735 3078 4805 quod
3105 4737 3340 4790 omnium
3371 4735 3738 4793 dulcissimum
3765 4749 3875 4803 est,

2282 4826 2606 4894 voluptatem
2637 4840 2742 4880 non
2775 4835 2950 4894 potest
2977 4827 3204 4893 aﬂ'erre,
3241 4828 3369 4897 quid
3410 4829 3609 4900 poterit
3635 4829 3690 4884 in
3717 4832 3874 4886 volu-

2283 4927 2428 4986 ptate
2453 4919 2822 4974 constituere?
2871 4920 3054 4988 Itaque
3094 4921 3140 4976 si
3183 4920 3510 4991 voluptatem
3554 4923 3874 4992 quaerimus,

2285 5011 2370 5063 hic
2397 5011 2562 5079 magis
2590 5011 2731 5064 illam
2763 5012 3114 5066 inveniemus.
3141 5012 3421 5079 Quomodo
3451 5013 3609 5084 igitur
3637 5031 3747 5070 non
3775 5032 3876 5071 ex-

2284 5112 2468 5158 tremae
2492 5104 2773 5158 dementia:
2814 5105 2992 5169 fuerit,
3033 5119 3151 5158 eam
3178 5121 3297 5174 qua;
3335 5105 3667 5175 voluptatem
3715 5108 3876 5161 habet

2283 5203 2338 5250 et
2380 5194 2661 5249 sanitatem
2709 5204 2764 5249 et
2807 5196 2983 5249 omnia
3024 5196 3202 5261 bona,
3251 5204 3411 5264 atque
3446 5198 3554 5251 Deo
3593 5209 3874 5268 acceptam

2285 5301 2524 5341 mensam
2555 5287 2772 5355 fugere;
2805 5286 3026 5341 alteram
3057 5303 3186 5342 vero
3215 5303 3424 5357 parare,
3456 5288 3680 5344 infinitis
3708 5290 3878 5344 refer-

2287 5392 2390 5435 tam
2422 5380 2850 5446 ealamitatibtts,
2892 5380 3188 5445 insuavem,
3235 5381 3546 5443 molestam,
3585 5383 3874 5436 valetudini

2287 5483 2564 5526 nocentem
2582 5513 2596 5535 ,
2619 5481 2673 5525 et
2690 5513 2706 5537 ,
2730 5470 2872 5540 quod
2895 5473 3134 5526 omnium
3155 5481 3241 5527 est
3265 5472 3634 5542 gravissimum
3659 5514 3674 5536 ,
3707 5473 3874 5525 Deum

2286 5574 2467 5616 contra
2499 5578 2596 5616 nos
2617 5563 3037 5632 provocantem?
3061 5562 3191 5617 Nam
3214 5564 3256 5617 si
3284 5562 3448 5616 Vidua
3473 5580 3584 5630 qtae
3607 5565 3658 5616 in
3683 5564 3876 5618 deliciis

2285 5665 2356 5709 est
2377 5695 2390 5719 ,
2437 5657 2601 5708 vivens
2631 5665 2830 5710 mortua
2873 5666 2942 5711 est
2971 5657 2988 5727 (
3014 5659 3058 5712 1.
3084 5657 3217 5712 Tim.
3245 5657 3296 5712 5.
3341 5658 3372 5710 6
3415 5657 3455 5729 ),
3500 5657 3627 5725 quid
3653 5657 3722 5713 de
3747 5658 3875 5712 virsi

2359 5813 2372 5842 ¹
2409 5811 2557 5868 0011)..
2587 5813 2768 5870 rima.
