4066 6436
248 538 574 609 εὐχείρωτος
604 533 682 587 ὢν
709 536 819 595 τοῖς
846 529 1080 601 ἐχθροῖς.
1108 528 1271 580 πᾶσιν
1303 526 1574 599 ἄχρηστος
1603 528 1715 589 τοῖς
1743 523 1830 609 φίέ

247 608 364 686 λσις
406 608 501 673 καὶ
546 620 660 680 τοῖς
710 615 1099 685 προσήκουσιν.
1152 609 1271 665 Ούκ
1316 612 1373 663 ὲν
1424 609 1688 671 κινδύνοις
1738 608 1831 661 καὶ

250 704 637 774 περιστάσεσιν
670 696 1072 767 εὐεπηρέαστος
1113 693 1271 774 μόνον
1300 694 1329 746 ό
1354 691 1615 756 τοιοῦτος,
1643 693 1742 774 οὑκ
1773 693 1831 744 ἐν

249 773 459 857 γαλήνῃ
505 784 599 836 καὶ
620 782 774 852 ἀδείᾳ
802 778 1094 850 ἀφόρητος,
1124 773 1262 831 ἀλλά
1286 776 1380 828 καὶ
1409 776 1467 827 ἐν
1494 776 1616 837 ταῖς
1642 773 1833 826 δυσκο-

246 856 393 932 λίαις
425 856 531 921 ὑπὸ
576 865 675 936 τῆς
699 861 968 934 ἀμετρίας
1000 860 1214 927 ἑκάστῳ
1242 858 1353 911 τῶν
1381 856 1832 927 προσπιπτόντων

248 954 402 1005 ἔσται
435 951 728 1020 ἄχρηστος.
786 944 933 998 Ἐκεῖ
964 943 1061 1013 μὲν
1107 941 1432 1012 γὰραὺτδν,
1468 942 1525 993 ἐν
1551 942 1671 1002 ταῖς
1703 938 1832 992 δυσ-

248 1034 507 1106 ημερίαις
547 1031 712 1100 λέγω,
761 1027 929 1082 δειλία
956 1067 969 1091 ,
1022 1024 1119 1078 καὶ
1173 1023 1435 1106 ἀνανδρία
1460 1062 1475 1084 .
1526 1024 1620 1077 καὶ
1648 1022 1833 1106 φόϐος

245 1119 519 1187 ἄμετρος,
572 1114 669 1167 καὶ
720 1109 949 1164 ἀϐουλία
988 1106 1157 1177 πολλὴ
1206 1105 1461 1172 καθέξει·
1509 1105 1745 1159 ἐνταῦθα
1774 1106 1832 1160 δέ

244 1198 481 1271 θράσος,
520 1197 619 1249 καὶ
653 1192 915 1265 ῥᾳθυμία,
951 1190 1048 1245 καὶ
1095 1188 1397 1252 ἀκολασία,
1451 1187 1690 1271 ἀμετρία
1741 1189 1834 1242 καὶ

245 1270 435 1351 τῦφος,
464 1281 561 1334 καὶ
608 1276 918 1340 ἀλαζονεία,
952 1273 1061 1327 τῶν
1085 1272 1370 1343 προτέρων
1419 1270 1616 1342 μᾶλλον
1639 1271 1832 1340 δυσχε-

249 1366 505 1435 ρέστερον
536 1360 690 1431 παρά
716 1360 851 1413 πᾶσι
891 1358 1058 1410 ποιεῖ.
1108 1356 1186 1407 Οὐ
1212 1353 1322 1423 γάρ
1347 1353 1411 1423 δὴ
1440 1354 1601 1423 μόνον
1629 1353 1698 1407 τά
1728 1353 1834 1407 σώ-

247 1466 393 1518 ματα
418 1446 527 1499 τῶν
555 1444 700 1498 οὕτω
724 1441 1083 1510 διακειμένων
1113 1438 1209 1491 καὶ
1235 1435 1409 1507 ἀειδῆ,
1439 1437 1534 1489 καὶ
1560 1436 1829 1507 πλώαρά,

244 1532 340 1584 καὶ
383 1528 672 1599 διάϐροχα,
709 1526 805 1579 καὶ
831 1522 1097 1583 δυσωδίας
1129 1522 1406 1590 ἀφορήτου
1441 1519 1706 1573 πάντοθεν
1736 1519 1832 1589 έμ-

247 1616 386 1667 πλεα
413 1613 683 1681 γίγνεται,
710 1606 848 1661 ἀλλὰ
876 1607 971 1659 καὶ
992 1606 1026 1675 ἡ
1070 1602 1217 1675 ψυχὴ
1271 1599 1407 1655 πολὺ
1440 1600 1532 1654 τοῦ
1581 1599 1833 1671 σώματός

244 1698 393 1748 ἐστιν
425 1694 745 1764 ἀειδεστέρα
770 1732 786 1757 ,
834 1686 1014 1757 πολλῷ
1052 1684 1275 1757 μείζονα
1315 1682 1523 1737 ἐκείνου
1552 1684 1832 1753 νοσήματα

241 1782 513 1852 δεξαμένη
556 1776 708 1844 παρά
748 1775 849 1845 τῆς
879 1771 1113 1843 τρυφῆς.
1146 1766 1417 1852 Καθάπερ
1442 1765 1559 1852 γὰρ*
1584 1766 1646 1819 τὸ
1674 1766 1832 1852 σῶμα

241 1865 303 1916 ού
330 1849 399 1916 τά
427 1861 570 1915 κατά
599 1858 761 1928 φύσιν
786 1853 1179 1926 περιττώματα
1208 1850 1459 1921 προΐεται
1492 1849 1673 1919 μόνον,
1696 1849 1833 1903 ἀλλά

243 1945 427 2015 πολλῷ
492 1943 677 1996 πλεῖον
739 1938 836 1992 καὶ
900 1932 1237 2004 πανταχόθεν
1269 1947 1284 1962 ⁸
1357 1928 1508 2015 [Τῖὸ]
1549 1930 1664 2015 ,καὶ
1725 1932 1833 2001 γὰρ

239 2012 555 2098 ὀφθαλμοὶ,
605 2023 698 2076 καὶ
732 2024 898 2094 ῥῖνες,
931 2018 1026 2072 καὶ
1057 2017 1303 2086 στόματα
1327 2054 1342 2078 ,
1389 2013 1499 2098 τῶν
1545 2012 1693 2065 ἔνδον
1729 2015 1835 2068 ὑπὸ

240 2096 345 2181 τῆς
401 2096 698 2179 γενομένης
749 2100 1088 2173 πλημμύρας
1127 2096 1549 2181 βαρυνομένων,
1610 2098 1834 2167 ἰκμάδος

243 2179 588 2263 φάυλοτάτης
632 2189 728 2242 καὶ
764 2184 1062 2254 διαφθορᾶς
1086 2179 1524 2251 ἀναπίμπλαται,
1568 2181 1663 2234 καὶ
1693 2181 1831 2252 αὑτὴ

237 2262 341 2348 έῆς
364 2275 569 2347 σαρκὸς
592 2275 627 2343 ἡ
653 2271 816 2339 φύσις
841 2266 1147 2339 χαυνοτέρα
1172 2263 1439 2348 γενομέγη
1469 2263 1570 2348 τῆς
1599 2262 1833 2348 φυσικῆς

240 2346 613 2431 συμμετρίας,
648 2352 902 2421 καθάπερ
936 2348 1214 2420 βορϐόρων
1243 2348 1337 2400 καὶ
1362 2346 1690 2431 ἀκαθάρτων
1715 2347 1835 2400 τελ-

242 2429 432 2513 μάτων
466 2436 787 2508 πλησθεῖσα,
817 2432 1059 2503 δυσώδης
1092 2448 1152 2483 τε
1179 2431 1295 2499 ἅμα
1324 2429 1417 2481 καὶ
1444 2429 1717 2500 ἄχρηστος
1751 2432 1833 2498 γίυ

237 2544 428 2596 γνεται
451 2567 465 2589 ,
514 2524 608 2577 καὶ
646 2520 783 2592 πρὸς
826 2519 937 2570 πᾶν
969 2516 1128 2586 ἔργον
1161 2514 1364 2582 ἀγαθὸν
1403 2515 1680 2585 ἀδόκιμος.
1722 2516 1834 2567 Καὶ

236 2612 347 2683 γὰρ
374 2609 468 2663 καὶ
498 2605 637 2675 αὑτὴ
667 2606 702 2674 ἡ
736 2603 807 2671 γῆ
830 2602 958 2654 ὃταν
981 2599 1085 2683 ὑπὸ
1105 2599 1206 2683 τῆς
1235 2598 1489 2683 τοιαύτης
1517 2598 1831 2683 πλεονεξίας

236 2679 637 2762 τυραννηθεῖσα
704 2684 804 2755 τὴν
852 2681 1061 2735 οἰκείαν
1122 2682 1218 2734 καὶ
1285 2679 1525 2749 ἔμφυτον
1590 2680 1831 2753 ἀπολέσῃ

236 2776 574 2848 θερμότητα,
618 2767 1009 2823 συναπόλλυσιν
1061 2766 1231 2834 αὑτῆς
1273 2764 1367 2816 καὶ¹
1399 2764 1496 2833 τὴν
1530 2764 1703 2833 ἰσχὺν,
1736 2765 1831 2817 καὶ

234 2860 363 2915 οὔτε
414 2858 552 2927 πρὸς
597 2855 882 2925 ἐργασίαν,
925 2848 1047 2902 οὔτε
1090 2848 1227 2918 πρὸς
1279 2848 1377 2918 τὴν
1421 2848 1627 2901 οἰκείαν
1667 2851 1831 2919 γονήν

236 2947 387 2997 ἐστιν
410 2938 732 3008 ἐπιτήδειος.
778 2931 1057 2987 Ἐντεῦθεν
1082 2932 1140 2983 δέ
1168 2929 1424 2999 χαλεποῖς
1466 2932 1562 2983 καὶ
1589 2931 1829 2995 ἀνιάτοις

159 3088 169 3093 _
233 3028 554 3082 ἁλίσκονται
589 3020 892 3091 νοσήμασιν
937 3016 985 3069 οί
1030 3016 1210 3084 τρυφῇ
1248 3012 1519 3077 συζῶντες
1548 3014 1826 3083 διηνεκεῖ·

236 3113 333 3165 καὶ
360 3109 470 3178 γάρ
497 3105 741 3177 τρόμοις,
778 3101 873 3154 καὶ
917 3097 1170 3168 παρέσει,
1218 3097 1313 3149 καὶ
1341 3097 1502 3168 φθόῃ,
1547 3098 1639 3149 καὶ
1667 3097 1829 3168 κορύ-

234 3196 381 3259 ζαις,
417 3192 513 3244 καὶ
551 3186 887 3254 ποδαλγίαις,
921 3184 1015 3237 καὶ
1064 3179 1426 3252 χειραλγίαις,
1481 3180 1575 3232 καὶ
1619 3179 1827 3251 ἑτέροις

236 3279 501 3335 πλείοσιν,
538 3274 674 3340 ὅπερ
708 3266 909 3335 ἰατρῶν
940 3265 1160 3333 λέγουσι
1191 3263 1400 3326 παῖδες,
1440 3262 1704 3332 ἀλώσιμοι
1738 3263 1824 3331 γί-

235 3377 440 3413 νονται.
487 3354 674 3417 Οὕτως
712 3354 762 3405 εί
808 3350 904 3403 καὶ⁵
944 3348 1018 3419 μὴ
1050 3347 1246 3415 γέεννα
1286 3341 1374 3415 ἦν,
1415 3345 1550 3415 μηδέ
1580 3344 1834 3409 κόλασις,

237 3442 378 3512 μηδὲ
426 3439 774 3504 κατάγνωσις
823 3432 1026 3503 ἐσχάτη
1076 3428 1231 3501 παρὰ
1282 3428 1441 3512 Θεοῦ,
1496 3427 1631 3499 μηδέ
1678 3429 1827 3497 παρά

200 3510 545 3594 ,ἀνθρώποις
594 3518 821 3589 μέμψις,
862 3513 994 3586 μηδέ
1047 3514 1081 3584 ἡ
1125 3514 1353 3583 ἄκαιρος
1400 3510 1636 3580 δαπάνη,
1691 3512 1826 3582 μηδὲ

232 3610 400 3677 ἕτερα,
428 3602 597 3675 μυρία
639 3602 709 3653 τὰ
736 3599 845 3655 ἀπὸ
891 3597 990 3667 τῆς
1032 3596 1242 3668 τρυφῆς
1289 3594 1636 3665 ἐγγινόμενα,
1671 3595 1828 3648 τοῦτο

232 3691 293 3743 δὲ
328 3688 491 3759 μόνον
524 3684 756 3757 προσῆν,
797 3683 896 3752 οὑχ
948 3680 1129 3733 ἰκανὸν
1179 3679 1428 3742 ἅπαντας
1479 3678 1823 3750 ἀποτρέψαι;

234 3771 590 3843 Δηλητηρίων
621 3767 731 3839 γάρ
763 3764 1070 3836 φαρμάκων
1112 3762 1263 3815 ούδέν
1294 3762 1515 3831 ἄμεινον
1548 3764 1605 3815 αἱ
1646 3762 1828 3817 τοιαῦ-

233 3875 323 3910 ται
343 3853 706 3908 διακείσσνται
726 3846 1022 3920 τράπεζαι,
1050 3846 1253 3917 μᾶλλον
1274 3844 1349 3909 δὲ,
1373 3848 1422 3897 εί
1444 3845 1526 3897 δεῖ
1549 3845 1608 3898 τὺ
1627 3844 1826 3913 ἀληθὲς

233 3941 435 4003 εἰπεῖν,
460 3937 553 3989 καὶ
581 3933 762 4003 πολλῷ
789 3934 989 4002 χεῖρον.
1038 3929 1117 3982 Τὰ
1165 3928 1263 3997 μὲν
1294 3928 1403 3999 γὰρ
1454 3927 1655 3991 εὐθέως
1713 3930 1825 3982 ἀπ-

234 4023 438 4091 ήνεγκε
459 4020 549 4071 τὸν
567 4017 821 4079 λαϐόντα,
850 4016 945 4068 καὶ
962 4013 1059 4083 τὴν
1092 4011 1346 4082 τελευτὴν
1362 4012 1703 4082 ἀναισθήτως
1730 4014 1827 4065 ἐπ·-

232 4107 467 4177 ήγαγεν,
486 4104 561 4164 ώς
589 4099 722 4171 μηδὲ
733 4095 1068 4169 αὑτῷτούτῳ
1087 4094 1327 4165 λυπῆσαι
1344 4094 1435 4147 τὸν
1461 4095 1821 4149 ἀποθανόντα·

233 4185 400 4243 αὗται
436 4187 490 4240 δὲ
530 4185 675 4254 ζωὴν
731 4182 942 4253 μυρίων
994 4179 1241 4233 θανάτων
1289 4179 1676 4249 χαλεπωτέραν
1725 4182 1826 4233 ἐπ-

235 4274 431 4339 άγουσι
482 4272 594 4330 τοῖς
639 4266 807 4327 αὑτὰς
856 4265 986 4333 περὶ
1019 4261 1214 4314 πολλοῦ
1252 4263 1631 4331 ποιουμένοις,
1682 4263 1827 4335 ζωὴν

235 4357 397 4425 ἔφην,
431 4354 529 4405 οὑκ
558 4350 795 4418 ἐλεεινὴν
827 4348 1007 4417 μόνον,
1042 4346 1178 4399 ἀλλά
1212 4347 1306 4398 καὶ
1340 4346 1571 4416 αἰσχρὰν
1607 4347 1700 4400 καὶ
1730 4366 1827 4399 και

234 4436 590 4504 ταγέλαστον.
646 4433 726 4485 Τὰ
780 4432 875 4501 μὲν
931 4430 1042 4500 γάρ
1077 4430 1211 4484 ἀλλα
1241 4429 1388 4499 πάθη
1439 4429 1666 4493 πολλοὺς
1716 4431 1827 4502 ἔχει

231 4524 368 4584 τοὺς
399 4518 819 4585 συναλγοῦντας,
847 4515 945 4566 ὅσα
971 4515 1026 4565 δὲ
1047 4514 1155 4566 ἀπὸ
1177 4514 1386 4583 τρυφῆς
1412 4514 1506 4565 καιὶ
1541 4513 1710 4585 μέθης
1737 4518 1829 4583 γέ-

231 4623 416 4673 γονεν,
452 4604 573 4656 οὑδέ
627 4598 989 4671 βουλομένους
1032 4599 1156 4659 τοὺς
1190 4597 1433 4667 ὁρῶντας
1479 4598 1673 4668 ἀφίησι
1705 4616 1828 4651 συν-

231 4690 471 4757 αλγῆσαι
512 4688 623 4746 τοῖς
668 4685 761 4735 ὑπ’
813 4681 992 4735 αὐτῶν
1035 4681 1409 4751 χειρωθεῖσιν*
1473 4681 1587 4734 ἀλλ’
1635 4684 1669 4751 ή
1730 4684 1828 4752 μὲν

234 4769 513 4841 ὑπερϐολὴ
557 4766 653 4819 τοῦ
686 4764 855 4817 κακοῦ
908 4764 1046 4835 πρὸς
1088 4763 1235 4815 ἔλεον
1282 4765 1640 4833 ἐπικάμπτει,
1692 4766 1725 4834 ἡ
1772 4765 1827 4818 δὲ

235 4855 496 4915 ὑπόθεσις
521 4851 615 4904 τοῦ
648 4852 953 4917 νοσήματος
985 4847 1278 4917 παροξύνει
1314 4848 1407 4899 τὸν
1441 4848 1635 4900 εἰδότα.
1682 4848 1827 4900 Διότι

238 4938 404 5008 μέσον
430 4955 482 4988 τι
514 4935 687 4996 πάθος
716 4933 984 5001 πάθοιμεν
1018 4932 1107 4996 ἂν,
1138 4930 1261 4983 οὔτε
1287 4930 1563 4992 ἐλεοῦντες
1593 4932 1823 4995 αύτούς·

232 5023 299 5075 ού
342 5019 450 5088 γάρ
496 5020 722 5087 ἀφίησιν
774 5016 971 5078 αὐτοὺς
1009 5017 1043 5084 ἡ
1087 5014 1238 5068 αἰτία
1281 5012 1390 5065 τῶν
1434 5014 1657 5067 δεινῶν·
1702 5015 1827 5068 οὔτε

232 5102 597 5174 ὀργιζόμεθαο
624 5102 684 5154 οὐ
711 5102 819 5170 γὰρ
846 5098 1130 5168 ἐπιτρέπει
1152 5098 1212 5150 τὸ
1236 5096 1463 5167 μέγεθος
1488 5097 1595 5151 τῶν
1613 5097 1825 5163 δεινῶν,

233 5187 376 5240 ἀλλά
409 5183 612 5255 μεταξὺ
648 5182 981 5252 κατηγορίας
1030 5182 1123 5235 καὶ
1168 5178 1497 5250 συγγνώμης
1532 5182 1565 5251 ἡ
1614 5182 1823 5245 στάσις.

235 5271 315 5320 υὺ
363 5269 471 5339 γάρ
528 5268 631 5321 ὑπὸ
696 5268 794 5335 τῆς
838 5266 1053 5333 φύσεως
1106 5264 1529 5336 ἐπηρεάσθησαν
1577 5265 1827 5337 καθάπερ

237 5352 503 5413 κάκεῖνοι,
539 5351 660 5404 ούδέ
695 5349 799 5403 ὑπὸ
835 5349 941 5401 τῶν
988 5346 1290 5419 ἀνθρώπων
1329 5348 1825 5419 ἐπεϐουλεύθησαν.

240 5434 353 5488 ἀλλ’
384 5434 537 5487 αὑτοὶ
582 5434 906 5504 δημιουργοὶ
947 5432 1054 5484 τῶν
1094 5432 1418 5499 νοσημάτων
1463 5433 1673 5494 ἑαυτοῖς
1707 5435 1829 5486 τού-

196 5554 199 5555 ν
237 5534 348 5567 των
375 5519 643 5585 ἐγένοντο,
677 5517 893 5580 ἑκόντες
916 5515 1146 5577 ἑαυτοὺς
1170 5515 1488 5585 ῥιπτοῦντες
1520 5517 1598 5577 εἰς
1630 5515 1690 5567 τὸ
1719 5517 1827 5568 τῶν

239 5598 429 5651 κακῶν
481 5599 774 5670 βάραθρον.
834 5600 1045 5668 Ὥσπερ
1093 5594 1185 5652 οῦν
1264 5600 1389 5662 τοὺς
1448 5598 1677 5668 βρόχους
1729 5600 1825 5651 ἁν-

239 5683 532 5745 ἅπτοντας,
557 5683 650 5735 καὶ
680 5684 805 5745 τοὺς
833 5683 975 5736 κατά
1012 5682 1270 5753 κρημνῶν
1300 5682 1560 5750 ἀφιέντας
1577 5683 1823 5743 ἑαυτοὺς.

241 5767 333 5817 καὶ
365 5767 488 5829 τοὺς
538 5767 625 5819 διὰ
678 5766 857 5836 μέσων
890 5765 1056 5836 ξιφῶν
1086 5766 1313 5829 ἑαυτοὺς
1362 5765 1717 5835 ἀναιροῦντας
1764 5769 1821 5817 οὐ

242 5849 447 5923 σφόδρα
491 5850 850 5921 οἰκτείρομῖν,
892 5851 1061 5913 οὕτως
1105 5850 1221 5903 οὑδέ
1269 5849 1509 5911 τοότονς.
1555 5848 1742 5902 Καίτοι
1776 5853 1821 5900 εἰ

1319 403 1405 461 DE
1454 403 1635 461 ΡΑΤο
1686 404 1774 458 ΕΤ
1834 400 2318 458 ΙἮΟἾΙΙΠΞΝΤΙΑ.
2362 402 2447 458 VI.

3415 403 3519 458 779.

1934 522 2017 575 δεῖ
2062 520 2389 592 συγγνώμης
2433 522 2650 591 τυχεῖν,
2701 521 2899 590 μᾶλλον
2950 521 3148 576 ἐκεῖνοι
3197 522 3402 577 τούτων
3449 526 3518 578 ἀν

1931 611 2166 680 τύχοιεν,
2195 614 2245 664 εί
2282 611 2376 664 καὶ
2406 611 2561 665 αὐτοὶ
2591 610 2795 681 σφόδρα
2841 611 2907 664 ἂν
2956 607 3067 665 εἷεν
3114 612 3508 680 ἀσύγγνωστοι.

1946 700 2173 753 Ἐκεῖνοι
2208 701 2307 770 μὲν
2335 700 2447 771 γάρ
2471 700 2505 770 ἢ
2543 700 2956 770 συκοφαντίαις,
2983 703 3016 771 ἢ
3054 701 3276 771 ζημίαις
3298 704 3519 775 χρημά-

1933 786 2108 857 των,ῆ
2129 784 2580 858 προσδοκώμενον
2595 787 2859 857 κίνδυνον,
2877 787 2909 859 ἢ
2935 788 3148 859 πληγὰς
3172 790 3516 857 ἐλπίσαντες,

1932 874 1965 943 ἢ
1999 875 2184 944 ἕτερόν
2211 891 2331 927 τινα
2358 874 2833 946 καραδοκήσαντες
2874 876 3061 945 φόϐον,
3098 878 3192 931 καὶ
3230 879 3516 948 μειζόνων.

1934 961 2161 1025 ἑαυτοὺς
2188 961 2377 1016 κακῶν
2419 960 2836 1034 ἐξαρπάζοντες,
2872 965 2965 1015 ἐπὶ
2994 965 3094 1035 τὴν
3126 966 3225 1034 τῆς
3256 966 3515 1039 τελευτῆς

1934 1046 2291 1117 παραμυθίαν
2337 1047 2809 1117 καταφεύγουσιν,
2852 1047 3042 1121 ὥσπερ
3090 1052 3171 1114 εἰς
3220 1053 3415 1108 ἄσυλόν
3464 1073 3520 1109 τι

1932 1134 2132 1204 χωρίον
2185 1133 2277 1187 τὸν
2336 1134 2565 1188 θάνατον
2616 1134 3084 1208 κατατρέχοντες,
3134 1137 3390 1212 ῆῶσπερ
3438 1144 3521 1208 εἰς

1934 1221 2130 1292 λιμένα
2173 1221 2296 1275 τινά
2320 1220 2498 1276 εῦδιον
2530 1224 2638 1277 ἀπὸ
2681 1224 2790 1277 τῶν
2818 1226 3284 1297 προσδοκωμένων
3318 1233 3521 1303 χειμώ-

1933 1326 2038 1363 νων
2064 1309 2389 1373 σπεύδοντες
2409 1311 2503 1363 καὶ
2527 1310 2871 1382 ἐπειγόμενοι
2891 1328 2905 1341 ⁸
2932 1306 3078 1367 οὗτοι
3099 1315 3157 1369 δέ
3180 1317 3333 1370 οὐδὲν
3352 1320 3522 1374 τοιοῦο

1933 1416 2023 1452 τον
2044 1398 2258 1469 ἔχοντες
2278 1400 2474 1465 εἰπεῖν,
2502 1400 2710 1471 μυρίων
2736 1399 2925 1470 βιαίων
2949 1403 3197 1458 θανάτων
3223 1407 3335 1479 ζωῇ
3367 1407 3519 1482 [776]

1933 1486 2293 1557 χαλεπωτέρᾳ
2322 1486 2708 1558 παραδιδόασιν
2740 1489 2985 1554 ἑαυτούς.
3013 1488 3284 1565 Εὔκαιρον
3312 1491 3406 1550 οῦν
3425 1496 3521 1550 νῦν

1933 1574 2108 1626 εἰπεῖν
2138 1575 2314 1626 ἐκεῖνο
2343 1574 2405 1628 τὸ
2431 1572 2525 1627 τοῦ
2574 1575 2738 1643 σοφοῦ
2758 1591 2774 1606 ο
2833 1575 2933 1644 Τίς
2958 1578 3203 1645 ἐλεήσει
3234 1581 3523 1638 ἐπαοιδὸν

1934 1661 2336 1730 ὀφιόδηκτονα
2357 1700 2372 1723 ,
2412 1661 2512 1715 καί
2539 1661 2771 1729 πάντας
2797 1663 2939 1730 τοὺς
2968 1667 3388 1735 προσάγοντας
3420 1673 3524 1739 θη-

1925 1749 2081 1815 ρίοις
2109 1747 2395 1813 ἐαυτούς;
2442 1747 2640 1821 Θηνρίον
2684 1750 2793 1819 γάρ
2834 1752 2983 1804 ἐστιν
3014 1753 3048 1823 ὴ
3094 1755 3300 1826 τρυφὴ,
3333 1755 3522 1828 θηρίον
3580 1806 3581 1809 η

1934 1834 2165 1905 χαλεπὸν
2190 1837 2283 1888 καὶ
2312 1835 2623 1901 ἀτίθασσον,
2648 1838 2741 1889 καὶ
2761 1838 2860 1908 οὑχ
2887 1838 3029 1892 οὕτω
3059 1841 3322 1912 σκορπίος
3341 1844 3375 1915 ἢ
3396 1844 3524 1915 ὄφις

1933 1925 2045 1985 τοῖς
2069 1922 2397 1993 σπλάγχνοις
2416 1925 2450 1992 ἡ
2460 1923 2575 1993 μῶν
2590 1924 2964 1994 ἐγκαθήμενος
2980 1926 3310 1997 λυμαίνεται
3324 1949 3525 1986 παντα-

1933 2011 2081 2080 χόσε,
2129 2011 2205 2075 ώς
2245 2013 2279 2082 ἡ
2319 2011 2421 2079 τῆς
2445 2011 2662 2081 τρυφῆς
2690 2012 2958 2082 ἐπιθυμία
3006 2016 3187 2070 πάντα
3225 2019 3521 2091 ἀνατρέπει

1934 2098 2029 2152 καὶ
2056 2099 2336 2153 ἀπόλλυσι.
2382 2099 2507 2162 Τοῖς
2546 2100 2643 2169 μὲν
2678 2100 2784 2171 γάρ
2817 2100 3027 2172 θηρίοις
3052 2106 3308 2169 ’ἐκείνοις
3358 2107 3523 2178 μέχρι

1933 2187 2025 2240 τοῦ
2057 2187 2308 2258 σώματος
2344 2189 2377 2257 ή
2416 2187 2675 2259 ἐπιϐουλή
2700 2206 2715 2220 ο
2753 2188 2891 2261 αῦτη
2922 2190 3001 2253 δὲ,
3034 2194 3163 2248 ὅταν
3190 2195 3522 2268 ἐγκαθεσθῇ,

1938 2276 2077 2348 μετά
2127 2277 2222 2329 τοῦ
2271 2274 2525 2347 σώματος
2574 2279 2667 2331 καὶ
2712 2279 2819 2351 τὴν
2864 2280 3043 2351 ψυχὴν
3092 2284 3519 2354 προσαπόλλυσι.

1933 2365 2132 2434 Διόπερ
2180 2363 2442 2434 φύγωμεν
2481 2364 2574 2418 ἀπ’
2608 2366 2800 2437 αὐτῆς,
2832 2367 2910 2430 ώς
2937 2368 3226 2439 φρονίμοις
3256 2370 3423 2443 λέγω.
3459 2371 3523 2429 El

1937 2454 2037 2524 μὲν
2069 2453 2183 2525 ἔχει
2220 2471 2273 2507 τι
2306 2454 2577 2526 χρηστὸν,
2631 2454 2705 2525 μὴ
2746 2456 3133 2529 ἀνασχώμεθα,
3178 2462 3253 2533 μὴ
3282 2464 3519 2518 πεισθῶ-

1936 2560 2064 2613 μεν⁸
2113 2544 2163 2595 εἰ
2208 2543 2266 2596 δέ
2306 2542 2480 2613 ἀληθῆ
2524 2542 2591 2595 τὰ
2642 2546 2931 2615 εἰρημένα,
2978 2548 3072 2601 καὶ
3100 2547 3247 2619 λύμη
3302 2552 3521 2607 πάντων

1932 2630 2048 2682 ἐστὶ
2077 2630 2137 2682 τὸ
2166 2630 2421 2700 πρᾶγμα,
2467 2630 2562 2681 καὶ
2606 2630 2925 2699 κατάγελως
2963 2632 3208 2704 ἔσχατος,
3246 2637 3400 2707 ὑμῶν
3424 2641 3522 2694 αὖ-

1930 2717 2040 2771 τῶν
2074 2717 2335 2787 φείσασθε
2381 2717 2481 2786 τῆς
2526 2716 2615 2770 τοῦ
2672 2718 2926 2788 σώματος
2959 2722 3202 2792 ῥώσεως,
3249 2728 3349 2797 τῆς
3381 2731 3523 2783 κατά

1929 2804 2106 2875 ψυχὴν
2140 2805 2370 2873 ὑγιείας.
2404 2805 2480 2857 Ού
2506 2804 2650 2873 λέγω
2681 2807 2817 2876 πρὸς
2849 2808 3271 2881 σκληραγωγίαν
3293 2816 3520 2883 ἑαυτοὺς

1929 2891 2178 2959 ἀγαγεῖν,
2214 2891 2280 2943 ἂν
2311 2888 2385 2961 μὴ
2418 2889 2737 2963 βουληθείης
2759 2910 2772 2925 ο
2822 2895 2882 2948 τὸ
2912 2898 3168 2967 περιττὸν
3217 2902 3520 2974 ἀνέλωμεν,

1928 2978 1989 3031 τδ
2026 2979 2124 3048 τῆς
2169 2979 2359 3049 χρείας
2402 2978 2505 3044 ἔξω
2557 2980 2962 3053 περικόψωμεν.
3023 2984 3191 3039 Ποίαν
3237 2988 3345 3060 γὰρ
3394 3008 3523 3061 συγ..

1929 3064 2154 3136 γνώμην
2208 3065 2424 3136 ἔχομεν,
2462 3068 2589 3120 ὅταν
2638 3069 2814 3139 ἕτεροι
2871 3071 2970 3141 μὲν
3009 3074 3143 3143 μηδέ
3188 3075 3288 3145 τῆς
3331 3080 3524 3151 χρείας

1928 3152 2241 3207 ἀπολαύωσι
2305 3154 2483 3225 κύριοι
2534 3154 2720 3223 ὄντες,
2774 3158 2936 3228 ἡμεῖς
2981 3159 3040 3212 δὲ
3093 3161 3189 3215 καὶ
3242 3164 3381 3237 ὑπὲρ
3425 3169 3526 3240 τὴν

1928 3243 2115 3314 χρείαν
2164 3244 2470 3316 ὀδεύωμεν;
2519 3245 2686 3316 Ὄρος
2733 3247 2865 3316 ἡμῖν
2910 3246 3053 3302 ἔστω
3085 3253 3291 3323 τροφῆς
3332 3256 3395 3308 τὸ
3448 3258 3524 3328 μὴ

1929 3335 2183 3405 βλάπτον,
2223 3335 2285 3387 τὸ
2330 3334 2537 3388 παῦσαι
2576 3337 2885 3402 πεινῶντας
2931 3341 3100 3411 χωρὶς
3132 3342 3337 3416 βλάϐης
3363 3346 3523 3402 δυνά-

1931 3441 2110 3495 μενον,
2151 3423 2462 3495 περαιτέρω
2498 3423 2554 3477 δὲ
2590 3425 2758 3496 μηδὲν
2794 3427 3149 3500 ἐπιξητῶμεν
3175 3444 3188 3458 ·
3239 3433 3440 3502 μᾶλλον
3468 3436 3525 3490 δέ

1928 3513 1977 3564 εί
2012 3514 2116 3583 χρή
2145 3527 2196 3563 τι
2227 3510 2539 3581 θαυμαστὸν
2571 3513 2771 3576 είπεῖν,
2824 3514 2919 3567 καὶ
2950 3516 3105 3586 παρὰ
3138 3517 3236 3589 τὴν
3262 3520 3372 3573 τῶν
3400 3524 3525 3577 πολ-

1927 3603 2035 3656 λῶν
2061 3602 2349 3673 ὑπόληψιν,
2375 3602 2573 3674 ἀληθὲς
2590 3603 2668 3672 δὲ,
2696 3606 2747 3657 εί
2786 3607 2884 3659 καὶ
2913 3607 3107 3680 ἡδονὴν
3131 3611 3524 3686 ἐπιζητοῦμεν,

1927 3693 1986 3745 ἐν
2009 3690 2312 3762 αὐταρκείᾳ
2338 3692 2543 3762 ταύτην
2574 3692 2775 3763 μᾶλλον
2810 3694 2843 3765 ἢ
2876 3697 2934 3747 ἐν
2966 3701 3145 3767 τρυφῇ
3172 3696 3338 3754 οὖσαν
3361 3703 3525 3775 εὑρή-

1929 3797 2114 3851 σομεν.
2151 3780 2418 3833 ’Ἄκουσον
2450 3778 2566 3844 πῶς
2613 3780 2752 3852 αὓτη
2800 3780 3003 3852 μείζων
3043 3785 3262 3858 ἐκείνης
3292 3789 3442 3844 ἐστὶν
3487 3794 3520 3860 ἡ

1926 3868 2089 3939 ἡδονὴ
2125 3868 2219 3921 καὶ
2262 3868 2634 3940 εὐπορωτέρα.
2688 3870 2751 3923 Ἡ
2800 3871 2899 3940 μὲν
2934 3871 3046 3943 γάρ
3092 3874 3214 3928 οὑδὲ
3262 3878 3524 3949 συστῆναι

1926 3953 2149 4006 δύναται
2178 3953 2387 4015 λοιπὸν,
2420 3952 2541 4007 οὐδὲ
2578 3954 2824 4025 εὑρίσκει
2854 3955 3017 4024 φύσιν
3065 3957 3375 4031 βρωμάτων
3402 3966 3523 4018 eam-

1926 4041 2197 4111 τηδείανιθ
2243 4042 2382 4113 αὑτῇ
2408 4058 2421 4072 ο
2468 4043 2502 4113 ἡ
2538 4040 2596 4094 δὲ
2626 4041 2720 4095 καὶ
2760 4042 2821 4115 ἐξ
2869 4045 3128 4100 ἐναντίων
3168 4048 3523 4107 συνίστασθαι

1926 4129 2167 4183 δύναται.
2192 4130 2288 4193 Τίς
2320 4129 2479 4183 τοῦτό
2510 4146 2711 4200 φησιν;
2751 4130 2810 4184 Ὀ
2846 4132 3084 4202 μάλιστα
3108 4136 3330 4191 πάντων
3355 4140 3525 4211 αὐτῆς

1930 4216 2335 4280 ἀπολελαυκώς.
2374 4215 2551 4285 Ψυχῇ
2582 4216 2719 4287 γὰρ,
2753 4218 2941 4288 φησὶν,
2972 4220 3170 4275 ἐνδεεῖ
3194 4224 3294 4277 καί
3328 4227 3400 4279 τὰ
3427 4241 3525 4280 πι-

1930 4307 2042 4373 κρὰ
2081 4304 2307 4375 γλυκέα
2347 4307 2650 4375 spata-star
2692 4307 2865 4376 ψυχὴ
2907 4310 3385 4381 ἐμπεπλησμένη
3421 4332 3526 4383 κη-

1921 4396 2079 4460 ρίοις
2110 4390 2391 4462 ἐμπαίζει.
2435 4395 2597 4464 Ὁρᾷς
2636 4394 2753 4457 πῶς
2788 4396 3003 4466 ἐκείνην
3044 4398 3144 4467 μὲν
3176 4400 3272 4451 καὶ
3310 4399 3369 4467 ἐξ
3414 4401 3527 4454 ὀλί-

1929 4498 2041 4549 γων
2073 4483 2164 4533 καὶ
2196 4484 2259 4533 ἐκ
2297 4482 2513 4533 πάντων
2555 4482 2816 4549 συστῆναι
2856 4484 3062 4554 ῥᾴδιον,
3096 4485 3301 4556 ταύτην
3340 4489 3397 4541 δὲ
3432 4490 3526 4542 ού-

1929 4569 2148 4639 δαμῶς;
2181 4570 2243 4621 Εἰ
2274 4569 2382 4639 γὰρ
2408 4568 2475 4620 τὰ
2516 4569 2685 4639 κηρία
2720 4569 2795 4640 μὴ
2832 4571 3191 4642 προσιέμεθα,
3234 4574 3286 4625 τί
3314 4574 3526 4642 γένοιτο

1930 4658 1995 4711 ἂν
2037 4660 2169 4727 ἡμῖν
2196 4656 2291 4727 ἡδὺ
2328 4658 2551 4723 λοιπόν;
2598 4660 2647 4709 εί
2689 4657 2747 4709 τὸ
2796 4658 3015 4711 πάντων
3054 4660 3391 4727 γλυκύτατον
3423 4666 3524 4717 οὐκ

1930 4745 1996 4797 ἂν
2023 4746 2239 4796 δύναιτο
2269 4745 2529 4814 παρέχειν
2563 4744 2781 4813 ἡδονὴν,
2821 4747 2973 4797 ποῖον
3015 4745 3170 4800 ἔσται
3202 4749 3262 4800 τὸ
3292 4748 3525 4820 δυνάμε-

1931 4849 2018 4883 νον
2049 4833 2272 4900 ποιῆσαι
2302 4834 2358 4884 ἐν
2393 4830 2587 4901 ἡδονῆς
2624 4831 2786 4883 Ὥστε
2819 4833 2867 4883 εί
2906 4832 3096 4904 ἡδονὴν
3130 4835 3521 4908 ἐπιζητοῦμεν,

1931 4919 2166 4974 ἐνταῦθα
2214 4918 2416 4990 μᾶλλον
2463 4920 2793 4988 εὑρήσομεν.
2846 4920 2969 4983 Πῶς
3014 4917 3106 4974 οὖν
3149 4925 3248 4975 οῦκ
3288 4926 3524 4996 ἐσχάτης

1930 5009 2117 5071 ἀνοίας
2143 5008 2241 5076 τὴν
2279 5008 2376 5077 μὲν
2404 5006 2622 5078 ἡδονὴν,
2643 5008 2738 5060 καὶ
2771 5008 3004 5077 ὑγίειαν,
3038 5010 3132 5062 καὶ
3166 5013 3343 5066 πάντα
3367 5014 3522 5083 ἐχου-

1934 5114 2031 5149 σαν
2058 5096 2125 5148 τά
2158 5095 2339 5164 ἀγαθά
2368 5096 2462 5148 καὶ
2501 5094 2729 5171 θεοφιλῆ
2751 5096 2972 5166 φεύγειν
2998 5098 3298 5170 τράπεζαν,
3329 5103 3524 5174 ἐτέραν

1930 5185 1987 5238 δὲ
2016 5184 2447 5247 κατασκευάζειν
2480 5186 2690 5254 μυρίων
2714 5185 2992 5255 γέμουσαν
3022 5187 3317 5258 συμφορῶν
3340 5233 3354 5256 ,
3380 5190 3523 5261 ἀηδῆ

1930 5290 1988 5324 τε
2020 5274 2114 5326 καὶ
2140 5273 2414 5345 λυπηρὰν,
2449 5273 2542 5326 καὶ
2573 5273 2843 5337 ἐπίνοσον,
2874 5276 2987 5337 καὶ,
3020 5275 3083 5326 τὸ
3117 5276 3338 5329 πάντων
3367 5278 3525 5347 χαλε-

1932 5362 2211 5428 πώτατον,
2256 5364 2671 5433 παροξύνουσαν
2704 5364 2859 5434 ⁴ἡμῶν
2890 5364 2981 5417 τὸν
3016 5366 3180 5431 Θεόν;
3216 5367 3277 5419 Εἰ
3314 5368 3423 5439 γάρ
3466 5370 3527 5422 Ἠ

1932 5453 2087 5519 χήρα
2122 5454 2160 5521 ἠ
2196 5451 2573 5508 σπαταλῶσα
2603 5452 2758 5514 ζῶσα
2792 5453 3064 5521 τέθνηκε,
3095 5456 3147 5507 τί
3179 5455 3243 5509 ἂν
3273 5456 3524 5529 εἴποιμεν

1997 5634 2018 5657 ⁸³
2043 5630 2175 5679 Coll).
2204 5632 2497 5693 ἐχιὸδηκτον.

1996 5693 2024 5732 b
2048 5695 2282 5741 Siolloab.
2317 5693 2444 5743 Ldil.
2469 5693 2687 5754 ατειάτων
2710 5692 2997 5752 ἐπιτηδ;ίαν,
3022 5694 3183 5743 minus
3211 5704 3346 5745 recte
