4066 6430
564 382 671 437 773

563 491 692 560 περὶ
719 490 825 544 τῶν
855 489 1066 562 ἀνδρῶν
1085 507 1099 555 ;
1118 490 1168 553 εί
1189 490 1248 541 ὲν
1269 494 1334 561 τῇ
1355 492 1565 562 Παλαιᾷ
1587 485 1747 562 τοῦτο
1766 491 2139 562 ἀπηγόρευται

567 575 705 648 μετά
751 573 950 642 πολλῆς
1000 573 1102 641 τῆς
1147 574 1466 644 ἀκριϐείας,
1515 576 1609 628 καὶ
1653 575 1824 647 πολλῇ
1875 576 2138 645 κέχρηται

560 660 704 714 κατά
724 655 834 710 τῶν
859 654 1190 726 τρυφώντων
1221 659 1504 727 καταφορᾷ
1539 659 1568 710 6
1606 660 1924 730 προφήτης’
1965 657 2138 710 καίτοι

558 759 624 810 γε
657 731 798 802 εἶδος
821 737 1035 792 τέθεικε
1077 738 1286 810 τρυφῆς
1325 741 1388 792 οὐ
1418 740 1626 812 σφόδρα
1659 741 1988 813 δαπανηρὸν.
2020 740 2139 794 οὐδὲ

558 825 728 885 δντως
761 821 961 895 ἁϐρόν·
994 823 1059 874 οι
1083 820 1152 874 δὲ
1172 822 1482 887 ἐσθίοντες
1519 824 1719 894 ἐρίφια
1745 825 1814 877 ἐκ
1848 824 2142 892 ποιμνίων

559 905 658 960 καί
679 901 1356 973 μοσχάριαιτολαθηνὰ,
1407 908 1460 958 οἱ
1500 907 1781 973 πίνοντες
1808 906 1916 961 τὸν
1947 906 2139 961 διυλι-

559 988 791 1058 σμένον
834 983 1024 1045 οἶνον.
1055 985 1152 1039 καὶ
1190 985 1264 1039 τὰ
1305 986 1507 1054 πρῶτα
1528 991 1691 1058 pupa
1728 991 2049 1058 χριόμενοι,
2087 991 2141 1042 οι

560 1070 958 1136 καθεύδοντες
981 1067 1080 1121 ἐπὶ
1111 1067 1337 1122 κλινῶν
1357 1070 1785 1140 ἐλεφαντίνων,
1825 1073 1923 1126 καὶ
1965 1089 2141 1125 κατα-

559 1151 989 1216 σπαταλῶντες
1002 1150 1100 1204 ἐπὶ
1128 1151 1259 1218 ταῖς
1280 1154 1618 1222 στρωμναῖς
1639 1155 1840 1209 αὐτῶν
1857 1173 1872 1187 ·
1894 1157 1942 1209 εί
1967 1155 2141 1208 ταῦτα

560 1237 898 1308 κατηγορίας
923 1235 1082 1299 ἀξια,
1128 1235 1217 1288 ὅτε
1264 1237 1443 1290 πάντα
1470 1233 1538 1309 ῆν
1573 1237 1722 1310 [777]
1754 1242 2010 1311 σαρκικὰ,
2048 1239 2142 1291 καὶ

560 1321 655 1376 ταῦ
709 1317 940 1390 ούρανοῦ
987 1318 1146 1386 λόγος
1184 1318 1378 1387 οὐδεὶς,
1424 1322 1513 1374 ὅτε
1565 1323 1910 1392 παιδαγωγία
1955 1319 2023 1394 ῆν
2071 1321 2139 1376 τά

573 1400 860 1464 Ἰουδαϊκὰ,
914 1400 969 1453 τί
1009 1399 1077 1453 ἀν
1117 1401 1374 1472 εἴποιμεν
1410 1404 1549 1473 πρὸς
1591 1403 1691 1475 τήν
1737 1406 1993 1476 βλακείαν
2038 1407 2142 1477 τὴν

559 1485 692 1550 νῦν;
722 1486 784 1538 El
817 1484 930 1555 γὰρ
953 1483 1139 1555 ἐρίφια
1189 1487 1284 1538 καὶ
1325 1488 1598 1558 μοσχάρια
1627 1490 1905 1559 γαλαθηνά
1941 1489 2141 1543 ἐσθίειν

559 1569 637 1632 ὡς
675 1568 841 1639 ὑγρόν
870 1584 991 1620 τινα
1017 1567 1112 1620 καὶ
1146 1568 1403 1639 περιττὸν
1447 1571 1574 1633 τοὺς
1612 1572 1822 1636 ζῶντας
1864 1571 2141 1626 διαϐάλλει

562 1651 698 1722 βίον,
733 1651 786 1704 τί
832 1651 899 1703 ἀν
937 1650 1184 1721 εῐποιμεν
1214 1653 1344 1723 περὶ
1379 1653 1488 1706 τῶν
1520 1650 1643 1719 τοὺς
1692 1657 1896 1727 μυχοὺς
1921 1659 2021 1724 τῆς
2047 1656 2142 1709 θα-

559 1735 767 1804 λάσσης
792 1733 1214 1803 διερευνὼντων,
1243 1736 1338 1788 καὶ
1365 1736 1466 1799 τὰς
1498 1737 1756 1808 ἱσχατιάς
1780 1736 1880 1809 τῆς
1899 1741 2023 1809 γῆς.
2047 1741 2143 1794 καὶ

561 1815 940 1878 παντοδαποὺς
974 1815 1202 1887 ὀρνίθων
1253 1820 1350 1872 καὶ
1397 1818 1594 1888 ἰχθύων
1636 1821 1906 1891 θηρευτὰς
1934 1822 2144 1877 παντα-

561 1898 719 1973 χόθεν
751 1897 1114 1965 συλλεγόντων
1140 1900 1386 1966 ἑαυτοῖςς
1419 1902 1482 1954 El
1511 1901 1604 1954 τὸν
1633 1902 1974 1974 διυλισμένον
1999 1901 2143 1958 οἶνον

560 1985 610 2035 οἱ
646 1983 890 2043 πίνοντες
915 1981 974 2032 ὲν
1014 1980 1252 2051 μέμψει,
1285 1983 1340 2034 τί
1376 1983 1443 2036 ἀν
1473 1985 1645 2048 εἴποις
1679 1986 1816 2056 πρὸς
1849 1988 1976 2050 τοὺς
2004 1988 2144 2040 ἀπο-

559 2066 760 2137 δημίας
807 2063 1150 2126 διαποντίους
1198 2063 1586 2134 στελλομένους
1638 2068 1779 2138 ὑπὲρ
1827 2069 1973 2122 οίνου
1995 2109 2010 2130 ,
2050 2071 2145 2122 καὶ

561 2151 741 2204 πάντα
769 2146 1052 2210 κινοῦντας
1073 2186 1088 2210 ,
1115 2147 1255 2201 ὥστε
1288 2150 1455 2218 μηδὲν
1487 2151 1642 2218 γένος
1669 2152 1939 2206 διαλαθεῖν
1962 2154 2145 2222 ἀμπέ-

563 2235 678 2297 λου,
711 2231 964 2299 καθάπερ
994 2229 1287 2299 μέλλοντας
1315 2231 1547 2295 εὐθύνας
1590 2233 1811 2296 διδόναι.
1843 2235 1876 2305 ἢ
1908 2235 2003 2286 ἐπὶ
2031 2237 2145 2298 τοῖς

563 2315 812 2386 ἐσχάτοις
843 2312 1352 2382 καταγινώσκεσθαι
1372 2357 1386 2377 ,
1417 2318 1468 2368 εἰ
1500 2316 1574 2387 μὴ
1606 2318 1805 2382 παντὸς
1828 2319 2019 2387 γένους
2043 2322 2146 2389 ἐμ·-

563 2397 858 2470 φορηθεϊεν
917 2395 1096 2462 οἴνους
1161 2396 1222 2450 El
1297 2396 1585 2466 ἐλέφαντος
1635 2399 1793 2473 κλίνῃ
1847 2400 2147 2472 κεχρῆσθαι

564 2479 900 2550 κατηγορίας
911 2476 1078 2544 ἀξιον,
1091 2479 1142 2531 οί
1155 2479 1321 2532 πολὺν
1337 2481 1526 2544 αὑταῖς
1546 2484 1959 2553 περιϐάλλοντες
1975 2484 2146 2553 ἀργυ-

567 2583 680 2637 ρον.
728 2563 929 2636 μᾶλλον
973 2562 1031 2616 δὲ
1067 2560 1129 2627 ἐξ
1173 2563 1415 2634 ἀργύρου
1463 2565 1625 2635 μόνου
1667 2566 2048 2636 χαλκεύοντες,
2086 2567 2146 2618 οὐ

563 2647 750 2709 κλίνας
775 2687 792 2712 ,
834 2645 948 2699 ἀλλ’
986 2645 1089 2716 ήδη
1121 2646 1216 2698 καὶ
1263 2645 1582 2712 ὑπόϐαθρα,
1617 2649 1712 2702 καὶ
1749 2648 1982 2720 λέϐητας
2005 2689 2020 2714 ,
2056 2649 2150 2701 καὶ

565 2729 829 2800 κεράμια.
857 2730 951 2782 καὶ
993 2726 1212 2797 ἀμίδας.
1246 2728 1408 2792 ποίας
1447 2729 1514 2783 ἂν
1541 2730 1757 2801 τύχοιεν
1785 2731 2146 2802 συγγνώμηςς

563 2815 632 2868 Τί
671 2813 865 2883 μικρὸν
911 2812 943 2883 ἢ
985 2812 1130 2881 μέγα
1162 2813 1338 2866 είπεῐν
1375 2816 1456 2878 είς
1503 2814 1602 2878 τὰς
1653 2815 1882 2878 εὐθύνας
1934 2816 2149 2878 ὲκείνας

563 2898 916 2970 δυνήσονται;
951 2893 1093 2964 Ἐγὼ
1119 2895 1177 2948 δὲ
1228 2894 1438 2960 τούτοις
1486 2899 1822 2970 προστίθημι
1848 2898 1910 2952 τὸ
1932 2899 2148 2952 πάντων

563 2977 966 3051 χαλεταῦτατον,
995 2978 1078 3031 ὅτι
1111 2977 1205 3032 καὶ
1241 2977 1302 3045 ἐξ
1325 2977 1620 3050 ἀλλοτρίων
1652 2979 1948 3052 συμφορῶν
1973 2979 2149 3034 ταῦτα

565 3062 926 3116 συνείλεκται.
970 3062 1166 3115 Καίτοι
1194 3078 1259 3130 γε
1287 3063 1318 3116 6
1359 3065 1646 3134 προφήτης
1675 3064 1834 3117 τοῦτο
1868 3064 1930 3116 οὑ
1967 3062 2148 3116 τέθει-

565 3163 683 3205 κεν,
729 3144 866 3198 ἀλλά
898 3145 1058 3214 μόνον
1103 3144 1318 3199 διέϐαλε
1362 3147 1462 3217 τὴν
1487 3148 1719 3217 τρυφήν.
1748 3146 1916 3200 Ὅταν
1954 3146 2013 3199 δὲ
2053 3147 2149 3199 καὶ

564 3229 716 3284 αἰτία
745 3230 921 3300 προσῇ
960 3227 1320 3299 χαλεπωτέρα
1348 3228 1450 3298 τῆς
1489 3231 1722 3300 τρυφῆς,
1753 3229 1836 3294 τίς
1864 3231 2148 3301 ἐξαιρήσε-

563 3329 657 3368 ται
672 3311 796 3374 τοὺς
820 3311 891 3365 τά
911 3310 1138 3365 τοιαῦτα
1152 3309 1440 3374 ποιοῦντας
1461 3312 1560 3384 τῆς
1579 3313 1816 3384 ἐσχάτης
1838 3313 2145 3379 κολάσεωςς

565 3396 721 3457 ποῖος
752 3392 876 3447 Νῶε
910 3394 1344 3464 παραστήσεται,
1375 3396 1530 3458 ποῖος
1567 3395 1710 3461 Ἰὼϐ,
1743 3398 1896 3459 ποῖος
1916 3395 2146 3465 Δανιήλ;

565 3479 682 3533 Οὐκ
706 3478 854 3532 ἔστιν
881 3479 1074 3543 οὐδείς.
1107 3468 1247 3533 Ἀλλ⁴
1280 3478 1373 3532 ἐπὶ
1394 3477 1601 3532 τούτων
1629 3479 1777 3532 ἐστιν
1799 3482 1995 3533 εἰπεῖν’
2029 3482 2153 3534 Ἑκ-

568 3561 934 3629 καυθήσεται
969 3565 1003 3616 ό
1041 3564 1227 3630 θυμός
1267 3579 1388 3631 μου
1429 3562 1573 3616 ὡσεὶ
1617 3564 1867 3629 καπνός.
1915 3564 1990 3616 Οὐ
2039 3563 2150 3635 γάρ

569 3647 709 3707 ἐστι,
739 3645 1041 3716 παρακαλῶ
1059 3685 1074 3708 ,
1105 3645 1278 3716 θυμοῦ
1307 3647 1403 3700 καὶ
1428 3644 1601 3718 ὀργῆς
1628 3645 1796 3711 ὅντως
1828 3647 2152 3719 ἐμπλησθῆ-

570 3744 658 3782 ναι
687 3728 943 3798 ἐσχάτης,
975 3728 1071 3781 καὶ
1098 3728 1493 3801 διαρραγῆναι,
1515 3730 1644 3784 ὅταν
1671 3730 1859 3801 ἕτερος
1888 3731 1987 3801 μὲν
2013 3731 2148 3801 μηδὲ

571 3811 876 3876 ἀναγκαίας
912 3809 1160 3883 ἀπολαύῃ
1188 3812 1413 3884 τροφῆς,
1447 3814 1511 3867 σὺ
1539 3813 1597 3865 δὲ
1627 3813 1881 3873 τοσοῦτον
1902 3813 2026 3883 είκῆ
2056 3814 2152 3867 καὶ

575 3892 754 3963 μάτην
800 3891 1072 3964 χαλκεύῃς
1103 3893 1343 3963 ἄργυρον
1389 3898 1470 3958 είς
1512 3895 1669 3949 οὐδὲν
1701 3897 1842 3962 δέον,
1875 3896 1995 3950 ἀλλ’
2030 3896 2153 3951 οὐδὲ

573 3977 714 4046 ⁴ιιρὸς
739 3974 1032 4040 ἐπίδειξινς
1060 3975 1195 4029 Οὐδὲ
1224 3976 1336 4048 γὰρ
1369 3977 1506 4046 πρὸς
1533 3979 1665 4032 αὐτὸ
1688 3979 1846 4032 τοῦτο
1878 3980 2152 4050 χρήσιμον

573 4058 725 4111 ἔσται
768 4069 883 4121 σοι,
935 4057 1051 4110 ἀλλ’
1093 4059 1173 4121 είς
1209 4058 1518 4112 τούναντίον
1553 4063 2042 4133 περιτραπήσεται.
2078 4060 2152 4116 Σὺ

1268 379 1328 435 S.
1368 379 1658 435 JOANNIS
1698 377 2192 435 CHRYSOSTOII
2226 375 2548 434 ARCHIEP.
2589 370 3132 430 CONSTANIINOP.
3712 365 3818 422 Πὸ

2250 490 2348 560 μὲν
2367 487 2477 560 γὰρ
2505 487 2648 542 ὥστε
2671 486 2937 555 ἐπιφανὴς
2967 484 3062 537 καὶ
3082 483 3352 552 ἐπίσημος
3381 479 3638 547 γενέσθαι
3661 477 3821 531 τοῦτο

2243 576 2436 635 ποιεῖς,
2479 571 2767 641 συμϐαίνει
2794 569 2850 621 δὲ
2881 566 3212 621 τούναντίον.
3257 565 3332 617 Οὐ
3365 562 3475 633 γὰρ
3511 561 3560 614 et
3586 579 3674 625 τις
3702 561 3824 614 ἑπι-

2243 655 2417 726 φανὴς
2438 655 2532 710 καὶ
2556 653 2850 724 ἐπίσημος,
2867 650 2984 705 ἀλλ’
3009 650 3104 703 ἐπὶ
3130 648 3374 718 ὠμότητι
3397 647 3490 699 καὶ
3513 644 3823 726 πλεονεξία,

2244 738 2336 791 καὶ
2376 724 2494 799 τοῖς
2533 735 2783 803 ἐσχάτοις
2826 737 3017 796 κακοῖς
3055 730 3294 792 ἅπαντές
3346 746 3406 781 σε
3451 724 3822 782 διαϐάλλουσι.

2243 822 2417 883 Πόσος
2447 819 2557 890 γάρ
2592 821 2621 872 6
2646 818 2862 888 φθόνος,
2887 818 3029 888 πόση
3055 817 3090 887 ή
3116 813 3406 884 βασκανία,
3431 812 3596 863 πόσον
3627 809 3690 861 τὸ
3732 810 3824 877 μί-

2243 921 2336 967 σος
2363 904 2514 974 παρά
2533 902 2774 966 πάντων,
2795 902 2933 972 πόση
2957 903 2989 970 ἡ
3026 896 3330 969 μεταϐολῆς
3361 895 3631 965 ἐπιθυμία
3650 892 3821 946 πᾶσιῐ

2213 987 2354 1049 -Τάς
2395 986 2506 1056 γάρ
2549 988 2630 1048 είς
2675 984 2768 1038 τὸν
2816 984 2949 1038 Θεὸν
2995 979 3343 1053 βλασφημίας
3383 977 3611 1046 ἀφίημι,
3661 974 3730 1038 ἀς
3777 975 3828 1025 οι

2241 1068 2476 1122 τοιοῦτοι
2515 1067 2736 1122 πλοῦτοι
2765 1069 3011 1122 τίκτουσι
3033 1082 3044 1096 ο
3074 1065 3250 1118 καίτοι
3274 1060 3436 1114 τοῦτο
3464 1061 3686 1113 πάντων
3728 1074 3830 1126 χα-

2242 1153 2578 1224 λεπώτερονο
2612 1155 2708 1206 καὶ
2743 1153 2806 1205 τὸ
2834 1151 2942 1223 πρὸ
2964 1149 3156 1203 τούτου
3178 1188 3193 1212 ,
3237 1147 3334 1200 καὶ
3357 1147 3495 1215 ὅπερ
3530 1143 3600 1196 ἀν
3626 1144 3793 1212 εἴπῃς
3811 1181 3828 1203 ,

2243 1223 2474 1307 θάτερον
2521 1234 2752 1306 θατέρου
2808 1238 2991 1306 χεῖρον
3043 1233 3318 1302 εὑρήσεις.
3375 1227 3514 1280 Ἀλλ’
3564 1223 3690 1294 οὐχὶ
3729 1226 3834 1293 τὴν

2244 1320 2560 1392 σύμμετρον
2589 1320 2683 1371 καὶ
2715 1318 2945 1389 μετρίαν
2973 1312 3139 1370 οὖσαν
3166 1316 3319 1384 ἡμῖν,
3347 1311 3415 1382 ῆν
3447 1311 3508 1363 ού
3533 1309 3836 1379 προφήτης

2245 1405 2504 1465 σκώπτει.
2536 1404 2636 1456 οὐκ
2663 1402 2950 1472 ἄνθρωπος
2985 1400 3284 1469 μέμφεται,
3309 1397 3372 1449 οὐ
3393 1395 3526 1457 Θεὸς
3560 1394 3834 1454 αἰτιᾶται,

2243 1489 2306 1541 ού
2338 1486 2451 1557 πῦρ
2476 1484 2716 1550 κολάζει,
2747 1485 2849 1537 οὒκ
2886 1479 3290 1554 ἀποστρέφεται
3326 1495 3430 1542 τις,
3458 1478 3520 1530 οὐ
3558 1477 3732 1548 μισεῖ,
3771 1474 3835 1524 οῦ

2247 1570 2557 1642 βασκαίνει,
2591 1567 2708 1621 ἀλλ’
2739 1567 3067 1636 ἀποδέχεται
3100 1564 3198 1635 μὲν
3225 1563 3379 1627 Θεὸς,
3413 1559 3739 1616 κοινωνοῦσι
3779 1559 3839 1610 δὲ

2245 1654 2469 1723 ἄγγελοι
2487 1692 2502 1715 ,
2537 1651 2824 1704 ὶπαινοῦσι
2852 1649 2911 1701 δὲ
2938 1647 3218 1718 ἄνθρωποι
3238 1686 3254 1712 ,
3287 1647 3382 1700 καὶ
3403 1646 3620 1715 δέχεται
3664 1643 3838 1714 οὐρα-

2245 1739 2357 1800 νός,
2394 1729 2564 1790 Δῦται
2601 1735 2660 1787 αι
2687 1732 2958 1804 τράπεζαι
2989 1729 3257 1800 ἀγγέλους
3293 1728 3574 1795 ἐδέξαντοσ
3602 1725 3839 1788 ταύταις

2243 1822 2272 1873 6
2298 1820 2528 1892 Χριστὸς
2555 1817 2948 1888 παραγίνεται,
2975 1817 3078 1870 οὐκ
3105 1815 3165 1868 ἐν
3190 1814 3446 1877 ἐκείναις.
3474 1812 3742 1866 Τοιαῦται
3779 1811 3839 1863 αἱ

2241 1903 2352 1956 τῶν
2400 1903 2698 1974 προφητῶν
2737 1896 2900 1971 ἦσαν.
2939 1897 3189 1952 τοιαῦται
3230 1899 3288 1951 αί
3333 1896 3444 1949 τῶν
3488 1893 3839 1950 ἀποστόλων.

2243 1985 2488 2040 τοιαῦται
2522 1986 2582 2038 αί
2619 1984 2730 2037 τῶν
2772 1983 3024 2038 δικαίων.
3073 1984 3140 2035 Δί
3182 1982 3241 2036 δὲ
3269 1980 3380 2034 τῶν
3414 1979 3699 2050 τυράννων
3741 1977 3843 2029 καὶ

2243 2070 2353 2124 τῶν
2386 2071 2478 2122 ἐπὶ
2505 2069 2609 2138 γῆς
2630 2067 2818 2131 κακῶς
2847 2067 3248 2132 πλουτούντων,
3274 2065 3498 2136 ἔχουσαι
3527 2061 3842 2133 ὀρχηστὰς,

2247 2153 2340 2206 καὶ
2363 2153 2490 2214 τοὺς
2511 2151 2706 2216 ἀλλους
2732 2151 2843 2205 τῶν
2883 2153 2978 2204 ἐπὶ
3017 2149 3165 2220 λύμῃ
3191 2147 3286 2202 τοῦ
3323 2145 3438 2217 βίου
3466 2145 3716 2210 ζώντων,
3745 2144 3846 2196 καί

2244 2235 2484 2306 λῃστῶν,
2502 2233 2656 2307 [778]
2677 2235 2774 2288 καὶ
2799 2235 3034 2303 γοήτων,
3058 2233 3153 2286 καὶ
3178 2229 3582 2301 τυμϐωρύχων,¹
3602 2227 3842 2279 ὲκείναι.

2249 2321 2418 2372 Ὀταν
2463 2317 2721 2388 τοιαύτην
2763 2315 3018 2388 παραθῇς
3059 2315 3380 2386 τράπεζαν,
3429 2311 3664 2380 ἀγγελος
3740 2308 3846 2378 μὲν

2247 2401 2525 2471 ἀποπηδᾷ,
2553 2400 2915 2471 παροξύνεται
2940 2400 2997 2452 δὲ
3030 2399 3185 2462 Θεὸς,
3211 2399 3393 2469 χαίρει
3425 2396 3481 2449 δὲ
3514 2397 3543 2449 6
3569 2394 3682 2446 τῶν
3723 2392 3846 2446 δαι-

2251 2485 2428 2555 μόνων
2451 2483 2713 2554 ἀρχηγὸς,
2745 2482 3184 2551 ἀποστρέφονται
3203 2481 3282 2543 δὲ,
3318 2479 3414 2534 καὶ
3456 2477 3702 2549 μισοῦσι,
3746 2475 3847 2528 καὶ

2247 2570 2528 2639 τήκονται,
2555 2568 2654 2638 οὐχ
2675 2567 2725 2619 οἱ
2754 2566 2941 2637 ἐχθροὶ
2979 2565 3161 2634 μόνον,
3190 2563 3328 2618 ἀλλά
3352 2563 3447 2616 καὶ
3471 2562 3629 2615 αὐτοὶ
3660 2563 3714 2613 ot
3755 2561 3848 2612 δο-

2249 2651 2474 2714 κοῦντες
2506 2651 2653 2721 ἔχειν
2692 2650 3015 2720 ἐπιτηδείως
3054 2649 3356 2719 ἀνθρωττοι,
3400 2646 3582 2718 φθόνῳ
3633 2645 3849 2717 μᾶλλον

2250 2734 2586 2804 ἐσθιόμενοι,
2617 2734 2652 2805 ἢ
2681 2733 2792 2786 τῶν
2819 2734 3106 2803 παρόντων
3149 2731 3538 2794 ἀπολαύοντες.
3570 2730 3748 2783 Ὅταν
3787 2730 3848 2782 δὲ

2249 2817 2469 2886 εκείνην
2500 2834 2583 2879 τις
2609 2816 2831 2887 παραθῇ
2860 2858 2873 2874 .
2904 2816 3006 2888 τὴν
3050 2814 3328 2885 σώφρονα,
3367 2813 3461 2867 καὶ
3497 2812 3846 2883 σύμμετρον,

2251 2899 2346 2954 καὶ⁵
2391 2899 2651 2970 οὐδεμίαν
2697 2899 2930 2968 ἔχουσαν
2978 2897 3309 2967 φλεγμονὴν,
3358 2898 3452 2950 καὶ
3503 2895 3695 2966 ἡδίστη
3751 2895 3851 2949 καὶ

2254 2982 2532 3054 προσηνὴς
2621 2983 2755 3035 πᾶσι
2776 2984 2892 3045 τοῖς
2920 2980 3116 3050 φίλοις,
3144 2980 3240 3033 καὶ
3266 2979 3406 3049 Θεῷ,
3432 2981 3531 3032 καὶ
3555 2977 3848 3046 ἀγγέλοις,

2255 3066 2349 3117 καὶ
2381 3062 2724 3136 ἀνθρὼποις’
2759 3063 3122 3135 παραγίνεται
3166 3058 3260 3116 οῦν
3297 3063 3328 3114 6
3366 3059 3460 3114 τοῦ
3497 3060 3637 3114 Θεοῦ
3664 3062 3850 3114 Mavo-

2254 3148 2440 3219 γενής.
2466 3148 2676 3220 Ὠσπερ
2705 3147 2815 3218 γὰρ
2851 3146 3045 3217 φεύγει
3071 3147 3161 3200 τὸν
3187 3147 3358 3215 τῦφον
3376 3186 3391 3208 ,
3431 3145 3530 3200 καὶ
3567 3145 3663 3197 τὸν
3703 3145 3854 3216 ὕψη-

2253 3231 2489 3302 λόφρονα
2517 3231 2756 3293 ἅπαντα,
2783 3233 2879 3284 καὶ
2906 3224 3004 3283 τὸν
3033 3229 3260 3302 θόρυϐον
3279 3245 3294 3258 ο
3321 3228 3467 3281 οὕτω
3490 3227 3570 3298 τῷ
3597 3227 3854 3297 ταπεινῷ

2255 3311 2404 3383 φίλος
2438 3313 2576 3378 εστὶ,
2595 3312 2689 3367 καὶ
2721 3312 2969 3367 σύνεστιν
2997 3313 3107 3378 ἀεὶ,
3135 3312 3230 3365 καὶ
3259 3311 3437 3366 πάντα
3456 3309 3851 3382 περιφράττει,

2254 3396 2350 3450 καὶ
2375 3395 2602 3466 τειχίζει
2633 3396 2991 3466 πανταχόθεν.
3028 3394 3136 3449 Τοῦ
3171 3394 3226 3448 δὲ
3262 3393 3503 3465 Χριστοῦ
3539 3410 3854 3464 παραγινοο

2259 3479 2445 3548 μένου,
2481 3479 2638 3532 οὐδὲν
2665 3479 2856 3550 ἕτερον
2899 3479 3180 3550 ἐπιζητεῖν
3223 3481 3353 3551 χρή.
3391 3477 3556 3532 Ταῦτ’
3579 3473 3676 3530 οῦν
3704 3477 3854 3530 είδό-

2253 3579 2346 3626 τες
2365 3603 2380 3627 ,
2410 3562 2725 3634 ἀγαπητοὶ,
2762 3563 3056 3635 φεύγωμεν
3089 3565 3295 3625 ἐκεῖνα,
3323 3561 3614 3632 διώκωμεν
3646 3562 3854 3628 ταῦτα,

2256 3644 2344 3698 ἵνα
2385 3647 2482 3698 καὶ
2519 3645 2632 3700 τῶν
2660 3647 2946 3719 παρόντων
2979 3650 3076 3702 καὶ
3107 3648 3218 3700 τῶν
3257 3646 3563 3717 μελλόντων
3589 3646 3858 3717 τύχωμεν

2256 3728 2498 3796 ἀγαθῶν,
2539 3730 2722 3801 χάριτι
2763 3732 2858 3784 καὶ
2888 3732 3270 3803 φιλανθρωπίᾳ
3300 3729 3396 3785 τοῦ
3440 3731 3654 3802 Κυρίου
3689 3731 3859 3803 ἡμῶν

2269 3811 2446 3882 Ἰησοῦ
2473 3813 2745 3884 Χριστοῦ,
2777 3812 2900 3882 μεθ’
2927 3810 2990 3870 οῦ
3029 3813 3107 3885 τῷ
3141 3815 3315 3885 Πατρὶ
3346 3813 3498 3879 δόξα,
3532 3813 3696 3885 τιμὴ,
3729 3814 3860 3884 ἅμα

2257 3894 2334 3965 τῷ
2362 3896 2503 3966 άγίῳ
2527 3896 2825 3967 Πνεύματι,
2849 3899 2947 3953 νῦν
2981 3901 3078 3954 καὶ
3103 3901 3211 3964 ἀεὶ,
3245 3901 3343 3954 καὶ
3370 3898 3452 3964 εἰς
3484 3901 3616 3963 τοὺς
3642 3899 3858 3965 αἰῶνας

2257 3979 2368 4032 τῶν
2393 3979 2630 4045 αἰώνων.
2676 3982 2868 4054 ⁹Αμήν.

1500 4834 1582 4894 ΙΝ
1613 4833 1817 4895 DUAS
1849 4834 1955 4893 DE
1990 4833 2502 4894 PRECATIONE
2532 4831 2931 4892 HOMILIAS

655 5101 825 5159 Hasce
839 5105 973 5158 duas
1013 5103 1284 5168 liouiilias,
1314 5103 1427 5156 sive
1458 5116 1680 5157 sensum
1697 5101 1808 5156 sive
1823 5101 2014 5155 orandi
2032 5101 2294 5156 rationein
2313 5111 2545 5173 spectes,
2561 5101 2954 5173 Cbrysostomo
2967 5119 3072 5158 non
3088 5103 3338 5174 indignas
3352 5121 3664 5160 censemus.
3687 5107 3754 5161 Et
3773 5120 3856 5162 Ia-

583 5237 706 5276 men
743 5220 992 5274 nonnulli
1026 5221 1154 5291 περὶ
1183 5219 1533 5290 γνησιότητος
1553 5219 1908 5289 quaestionem
1954 5227 2194 5282 movent,
2228 5220 2376 5274 hisce
2408 5219 2542 5276 moti
2571 5218 2929 5288 conjecturis.
2953 5217 3054 5275 Hic
3091 5221 3196 5286 bis,
3223 5220 3498 5291 inquiunt,
3527 5221 3582 5274 in
3622 5232 3856 5293 utraque

579 5340 787 5395 scilicet
813 5339 1079 5403 oratione,
1123 5337 1565 5393 Sennacberibus
1600 5354 1692 5392 rex
1737 5337 2026 5417 Persarum
2073 5347 2316 5402 vocatur,
2368 5353 2530 5409 quam
2587 5336 2936 5392 oscitantiam
2985 5353 3053 5391 an
3091 5337 3486 5408 Chrysostomo
3528 5339 3850 5396 adscribere

579 5456 738 5510 liceat
774 5454 1089 5510 dubitamus
1119 5473 1132 5510 :
1160 5455 1274 5524 pari
1295 5454 1583 5527 ἀκριϐείας
1619 5452 1831 5509 defectu
1870 5454 2068 5509 dicitur
2108 5463 2239 5509 tunc
2279 5453 2496 5519 Persas,
2523 5453 2753 5509 Ezeehia
2779 5453 2834 5506 in
2865 5449 3166 5508 Jerusalem
3207 5460 3493 5522 regnante,
3535 5451 3846 5509 admovisse

583 5567 864 5621 machinas
892 5576 1082 5620 contra
1111 5583 1298 5622 muros
1326 5568 1500 5632 urbis,
1530 5568 1624 5620 καὶ
1653 5568 1702 5620 οἱ
1737 5568 1836 5637 μὲν
1871 5569 2145 5638 μηχανήμ<

2265 5566 2344 5640 τῷ
2373 5567 2545 5637 τείχει
2594 5568 2897 5638 προσῆγον,
2933 5567 3078 5638 quod
3104 5566 3326 5637 perinde
3356 5577 3562 5638 pugnat
3588 5583 3712 5622 cum
3754 5585 3847 5623 sa-

579 5695 667 5733 era
700 5678 820 5733 libri
858 5677 1066 5749 Regum
1095 5679 1341 5734 historia.
1387 5680 1466 5733 Ad
1510 5681 1623 5735 haec
1653 5679 1940 5748 objiciunt,
1979 5679 2065 5733 hic
2095 5680 2346 5748 precibus
2378 5688 2641 5750 perpetuo
2682 5680 2991 5736 vacandum
3029 5695 3154 5735 esse
3178 5680 3426 5744 ducetur,
3459 5683 3602 5751 quod
3642 5683 3842 5738 Massa-

579 5785 848 5842 bauulum
873 5789 1048 5842 errori
1082 5789 1223 5874 favet
1251 5810 1262 5846 :
1294 5809 1416 5846 cum
1457 5801 1643 5846 contra
1675 5793 2102 5858 Clu-vsustomus
2130 5803 2269 5850 vetet
2309 5811 2374 5850 uc
2406 5795 2663 5865 precandi
2693 5796 2914 5850 obtentu
2957 5813 2986 5851 a
3017 5795 3238 5852 (κείω-ᾗς
3261 5796 3455 5852 υίιὶρὶίε
3483 5799 3838 5852 abstineatur.
