4066 6424
201 455 308 510 7⁸73

202 567 487 624 dicemus?
539 567 593 623 Si
645 568 696 622 in
744 564 909 622 veteri
951 567 1300 621 Testamento
1347 561 1396 614 id
1445 573 1631 625 magna
1674 569 1796 607 cum

202 676 329 714 cura
393 658 738 729 prohibetur,
792 672 1090 728 magnaque
1135 662 1323 708 contra
1380 648 1622 704 delicatis
1665 644 1800 700 cibis

204 759 419 804 utentes
463 749 798 804 vehementia
827 749 994 801 utitur
1038 746 1334 817 propheta,
1381 741 1591 795 etiamsi
1633 749 1803 806 genus

207 848 372 907 ponat
397 838 706 896 deliciarum
733 852 838 891 non
871 837 1156 891 admodum
1174 841 1544 903 sumptuosum
1567 839 1657 882 aut
1681 826 1802 894 opi-

209 945 394 996 parum
422 947 435 982 :
470 929 570 994 Qui
593 937 761 981 autem
784 929 1083 992 comedunt,
1111 925 1316 996 inquit,
1354 920 1526 976 hwdos
1552 935 1613 972 ea:
1631 918 1800 990 gregi-

206 1019 330 1080 bus,
363 1029 411 1070 et
437 1017 618 1070 vitulos
647 1014 922 1081 lacteum;
959 1016 1042 1086 qui
1072 1014 1243 1068 bibunt
1281 1012 1581 1081 defwcatum
1609 1008 1800 1070 vinum,

205 1119 256 1159 rt
283 1107 459 1176 primis
487 1107 760 1177 unguentis
800 1117 1098 1177 unguntur;
1143 1105 1230 1174 qui
1267 1102 1524 1156 dormiunt
1566 1101 1618 1153 in
1666 1096 1805 1152 lectis

207 1197 438 1250 eburneis
457 1236 472 1254 .
498 1206 546 1248 et
571 1197 624 1249 in
662 1196 834 1249 stratis
875 1197 980 1249 suis
1010 1194 1276 1249 lasciviunt
1314 1193 1501 1263 (Amos
1543 1190 1596 1244 6.
1619 1189 1670 1243 4.
1697 1187 1802 1257 6);

208 1289 253 1341 si
285 1289 436 1355 hinc,
483 1289 732 1356 inquam,
765 1287 1182 1356 reprehensione
1211 1285 1370 1354 digna
1401 1291 1524 1337 sunt
1545 1324 1560 1347 ,
1588 1279 1805 1356 quando

205 1380 387 1433 ouinia
414 1389 570 1433 erant
593 1381 852 1441 carnalia,
884 1387 940 1433 et
961 1378 1074 1432 ea-li
1103 1378 1246 1431 nulla
1273 1377 1407 1430 ratio
1427 1383 1564 1438 erat,
1588 1371 1806 1442 quando

208 1470 430 1525 Iudaica
461 1471 612 1540 quasi
645 1485 928 1540 puerorum
969 1470 1138 1540 prima
1171 1469 1432 1522 institutio
1458 1475 1648 1520 erant:
1677 1465 1805 1535 quid

207 1561 508 1616 dixerimus
538 1562 604 1616 de
637 1562 886 1630 praesenti
931 1560 1204 1615 mollitie?
1250 1560 1305 1614 Si
1346 1560 1488 1613 enim
1532 1557 1804 1610 haedorum

208 1663 267 1707 et
297 1655 582 1708 vitulorum
611 1655 919 1708 laetentitun
948 1668 1073 1707 esus
1103 1668 1168 1706 eo
1194 1661 1425 1716 utentes,
1455 1666 1518 1705 ac
1542 1654 1586 1704 si
1611 1651 1807 1704 delica-

209 1753 319 1795 tam
361 1751 417 1798 et
457 1744 863 1798 immoderatam
911 1745 1074 1797 vitam
1119 1744 1355 1809 ducant,
1402 1741 1805 1811 reprehensioni

209 1834 460 1903 subjicit,
489 1835 616 1904 quid
647 1835 888 1888 dicemus
918 1835 985 1889 de
1015 1835 1078 1888 iis
1097 1875 1114 1901 ,
1159 1835 1249 1904 qui
1280 1849 1524 1889 recessus
1564 1834 1728 1887 maris
1755 1842 1810 1887 et

209 1935 483 1980 extremas
521 1933 785 1981 terrarum
816 1941 938 1980 oras
964 1926 1245 1996 indagant,
1274 1927 1559 1995 aviumque
1583 1935 1806 1979 venato-

208 2032 302 2072 res
333 2017 736 2087 piseatoresque
771 2018 947 2071 omnis
975 2018 1189 2088 generis
1228 2019 1462 2088 undique
1488 2017 1809 2073 accersunt?

209 2108 266 2164 Si
300 2110 369 2173 ii,
406 2109 496 2178 qui
540 2108 853 2163 defaecatum
885 2110 1064 2164 vinum
1094 2109 1322 2176 bibunt,
1355 2108 1642 2177 culpandi,
1684 2108 1810 2178 quid

210 2199 418 2254 dixeris
447 2199 514 2255 de
541 2200 605 2255 iis
625 2240 640 2265 ,
689 2201 780 2271 qui
817 2201 1275 2271 peregrinationes
1305 2201 1688 2254 transmarinas
1717 2213 1812 2268 pro

213 2290 339 2345 vino
366 2291 708 2360 suscipiunt,
735 2292 1023 2362 omniaque
1065 2299 1318 2358 movent,
1361 2300 1420 2346 ut
1457 2292 1659 2346 nullum
1691 2292 1812 2346 vitis

211 2398 384 2451 genus
421 2383 549 2452 ipsis
575 2383 760 2450 lateat,
787 2385 938 2454 quasi
969 2399 1155 2454 paruas
1180 2384 1377 2450 daturi,
1415 2384 1812 2454 admodumque

215 2475 527 2537 damnandi,
571 2475 615 2528 si
643 2490 748 2528 non
779 2475 954 2530 omnis
991 2476 1202 2544 generis
1235 2478 1360 2530 vino
1386 2472 1813 2546 ingurgitentnr?

212 2566 266 2620 Si
290 2566 532 2620 eburneo
555 2567 692 2622 lecto
714 2567 790 2621 uti
816 2568 1237 2637 reprehensione
1257 2568 1497 2638 dignum,
1529 2569 1619 2639 qui
1644 2570 1814 2623 multo

217 2659 385 2712 lectos
411 2668 634 2728 argento
654 2699 670 2725 ,
714 2659 822 2714 imo
861 2675 990 2715 vero
1022 2661 1111 2731 qui
1150 2677 1215 2715 ex
1245 2671 1467 2731 argento
1493 2677 1626 2731 puro
1649 2662 1813 2717 ador-

219 2758 368 2810 nant,
393 2764 498 2803 non
529 2748 698 2804 lectos
726 2759 951 2814 tantum,
979 2750 1072 2806 sed
1099 2752 1259 2806 etiam
1288 2752 1647 2823 suppedauea,
1670 2751 1822 2808 lebe-

217 2850 300 2895 tes
325 2883 342 2906 ,
371 2857 496 2895 vasa
538 2851 592 2896 et
634 2843 861 2896 matulas
885 2884 898 2907 ,
945 2858 1104 2912 quam
1137 2844 1346 2897 veniam
1377 2843 1816 2914 consequantur?

213 2932 352 2998 Quid
383 2943 475 2986 aut
504 2947 724 3002 parvum
760 2942 852 2988 aut
892 2949 1142 3005 magnum
1174 2945 1301 2990 tunc
1328 2938 1582 3006 temporis
1611 2937 1678 2992 ad
1714 2940 1815 2994 de-

216 3025 516 3078 fensionem
551 3040 700 3079 suam
751 3025 949 3081 afferre
999 3028 1292 3096 poterunt?
1338 3029 1448 3098 Ego
1486 3045 1615 3086 vero
1654 3031 1814 3084 etiam

217 3116 320 3170 hoc
358 3116 734 3185 gravissimum
763 3118 1016 3188 adjungo,
1059 3119 1199 3188 quod
1226 3135 1290 3173 ex
1318 3120 1506 3174 alienis
1536 3121 1816 3175 calamita-

219 3205 361 3257 tibus
391 3204 504 3258 haac
525 3215 938 3275 cougregarunt.
966 3207 1239 3276 Siquidem
1264 3208 1379 3264 hzee
1411 3211 1666 3280 propheta
1709 3228 1816 3266 non

219 3295 434 3362 posuit,
477 3296 570 3348 sed
599 3295 820 3350 delicias
849 3299 1019 3351 solum
1052 3299 1342 3370 redarguit.
1385 3301 1609 3368 Quando
1639 3313 1816 3358 autem

216 3385 372 3454 culpa
411 3385 581 3450 adest,
624 3386 754 3455 ipsis
787 3387 993 3442 deliciis
1020 3391 1289 3456 atrocior,
1331 3393 1449 3461 quis
1478 3392 1548 3447 ab
1574 3403 1819 3449 extremo

217 3477 484 3544 supplicio
522 3491 647 3539 eos,
681 3477 770 3546 qui
811 3479 934 3532 talia
976 3489 1224 3548 patrant,
1262 3483 1497 3551 eripiet?
1536 3485 1655 3553 quis
1686 3483 1816 3551 Noe,

213 3568 338 3633 quis
372 3566 492 3629 Job,
533 3569 655 3638 quis
691 3571 870 3625 Daniel
914 3572 1209 3628 intercedat
1231 3574 1257 3628 ἲ
1298 3574 1486 3629 Nullus
1508 3577 1684 3644 plane.
1713 3577 1819 3632 Sed

220 3661 272 3712 io
297 3675 392 3713 eos
419 3660 521 3715 dici
555 3673 734 3730 potest
760 3703 778 3730 ,
826 3663 1132 3719 Exardescet
1163 3671 1308 3737 furor
1333 3684 1474 3722 metu
1501 3670 1626 3722 sicut
1653 3673 1820 3738 [mnus

218 3749 377 3820 (lsai.
403 3751 490 3806 65.
517 3753 592 3821 5).
627 3753 841 3820 Annon,
870 3771 1073 3824 qumso,
1098 3757 1220 3825 jure
1255 3759 1376 3827 quis
1417 3759 1493 3812 ira
1533 3758 1822 3830 furoreque

219 3842 557 3909 cxardescat,
592 3844 699 3898 imo
731 3855 786 3899 et
820 3848 1214 3918 disrumpatur,
1245 3849 1460 3919 quando
1486 3849 1622 3904 alius
1664 3866 1730 3905 ne
1757 3852 1821 3906 iis

218 3934 435 4003 quidem
463 3976 478 3997 ,
508 3952 630 4004 qua:
656 3937 721 3990 ad
754 3939 949 3992 vietum
984 3941 1285 3995 necessaria
1316 3950 1472 4006 sunt,
1506 3941 1728 4008 fruitur,
1767 3954 1821 3997 tu

225 4039 352 4077 vero
382 4033 581 4078 tantum
609 4029 812 4097 argenti
843 4029 1038 4084 frustra
1088 4041 1140 4085 et
1183 4033 1449 4086 incassum
1475 4073 1490 4097 ,
1538 4048 1600 4086 ac
1648 4049 1716 4087 ne
1755 4035 1820 4089 ad

223 4117 638 4170 ostentationem
688 4119 944 4188 quidem,
996 4122 1046 4174 in
1100 4138 1236 4191 opus
1283 4123 1578 4178 admoves?
1635 4123 1821 4193 Neque

222 4207 368 4261 enim
397 4207 477 4261 vel
521 4209 587 4262 ad
633 4208 736 4264 hoc
775 4211 866 4265 tibi
898 4212 1026 4267 utile
1063 4215 1204 4278 erit;
1249 4214 1357 4268 imo
1399 4216 1451 4269 in
1495 4217 1822 4272 contrariam

1329 445 1419 501 DE
1455 430 1914 494 I‘RECATION‘E.
1935 461 2001 469 —-
2023 423 2359 482 MONITUM.

3399 437 3520 494 τη.

1907 562 2148 606 Vertetur
2187 561 2414 620 partem.
2453 551 2536 607 'l'u
2563 549 2705 604 enim
2734 556 2792 603 ut
2814 549 3014 604 clarior
3042 559 3096 604 et
3127 550 3387 608 illustrior
3407 558 3526 620 εἰς..

1912 642 1961 695 id
1983 642 2098 710 agis
2122 657 2138 706 ;
2175 641 2272 696 sed
2294 641 2622 695 contrarium
2649 639 2860 693 accidit.
2891 640 3006 695 Non
3031 642 3173 696 enim
3196 647 3507 713 spectabilis

1912 732 2240 801 illustrisque
2266 747 2345 795 es,
2387 730 2483 785 sed
2513 730 2583 785 ob
2614 731 3004 798 crudelitatem,
3040 734 3153 787 auri
3192 737 3499 805 cupidinem

1911 830 1968 876 et
2013 831 2252 878 extrema
2299 820 2496 890 ﬂagitia
2547 833 2600 876 te
2643 837 2834 877 omnes
2879 824 3254 879 criminantur.
3300 827 3508 894 Quanta

1913 914 2054 968 enim
2098 913 2313 976 invidia,
2337 921 2566 982 quantus
2592 913 2748 980 livor,
2779 923 3036 984 quantum
3066 915 3284 983 odium,
3312 931 3509 990 quanta

1913 1003 2227 1058 mutationis
2256 1003 2521 1073 cupiditas
2548 1003 2688 1073 apud
2715 1004 2945 1059 omnes?
2972 1005 3342 1074 Blasphemias
3367 1011 3510 1064 enim

1914 1097 1968 1151 in
2018 1097 2184 1151 Deum
2229 1097 2620 1165 prtetermitto,
2670 1111 2804 1166 quas
2851 1097 2983 1152 tales
3030 1097 3230 1154 divitia:
3277 1102 3511 1169 pariunt,

1917 1187 2127 1242 tametsi
2155 1195 2211 1242 et
2237 1186 2340 1241 hoc
2365 1187 2524 1257 longe
2553 1188 2929 1257 gravissimum
2962 1200 3076 1256 est,
3114 1201 3170 1244 et
3197 1192 3341 1262 quod
3373 1194 3512 1247 istud

1916 1264 2167 1349 prazcedit
2188 1318 2204 1345 ,
2233 1287 2289 1333 et
2317 1277 2693 1348 quodcumque
2730 1278 2953 1347 dixeris,
2999 1280 3126 1335 illud
3159 1283 3253 1337 illo
3277 1283 3516 1340 deterius

1915 1370 2175 1425 invenies.
2222 1369 2393 1426 Secus
2433 1379 2784 1440 temperatam
2828 1385 2892 1427 ac
2920 1371 3220 1428 modestam
3249 1391 3517 1440 mensam,

1913 1479 2073 1531 quam
2102 1478 2202 1518 nec
2227 1463 2486 1534 propheta
2519 1463 2734 1532 irridet,
2764 1479 2865 1520 nec
2889 1465 3052 1521 homo
3077 1467 3378 1539 redarguit,
3417 1486 3517 1525 nec

1919 1555 2060 1608 Deus
2082 1554 2285 1623 culpat,
2320 1570 2427 1609 non
2459 1555 2597 1625 ignis
2624 1557 2796 1626 punit,
2821 1572 2982 1626 quam
3021 1574 3182 1614 nemo
3215 1570 3514 1626 aversatur,

1916 1655 2007 1698 aut
2030 1644 2157 1699 odio
2183 1645 2488 1715 invidiaque
2514 1650 2896 1717 prosequitur;
2927 1649 3022 1705 sed
3058 1652 3320 1721 approbat
3354 1654 3513 1717 Deus,

1918 1736 2237 1806 participant
2269 1737 2444 1808 angeli
2465 1778 2482 1801 ,
2514 1737 2736 1794 laudant
2774 1739 3039 1804 homines,
3087 1742 3278 1813 recipit
3305 1745 3516 1798 ciuium.

1920 1828 2012 1882 liae
2035 1843 2236 1884 mensa
2258 1829 2419 1884 etiam
2459 1830 2682 1900 angelos
2707 1842 3074 1902 exceperunt,
3104 1834 3209 1902 bis,
3241 1851 3348 1890 non
3390 1837 3517 1903 illis,

1919 1919 2165 1974 Christus
2214 1921 2386 1976 adest.
2434 1920 2593 1976 Tales
2634 1931 2792 1978 erant
2852 1923 3236 1995 prophetarum
3297 1943 3518 1993 mensae,

1920 2013 2054 2065 tales
2081 2014 2472 2082 apostolorum,
2507 2014 2642 2068 tales
2674 2015 2964 2084 iustorum.
2995 2016 3368 2089 Tyrannorum
3394 2035 3522 2074 vero

1917 2113 1970 2157 et
2011 2119 2222 2169 eorum,
2267 2106 2356 2173 qui
2399 2107 2451 2159 in
2499 2107 2658 2162 terris
2707 2106 2910 2162 nefarie
2940 2107 3354 2177 locupletantur,
3401 2125 3523 2180 qua:

1921 2196 2204 2252 saltatores
2235 2197 2435 2252 habent
2479 2198 2720 2269 aliosque
2762 2199 2854 2270 qui
2901 2200 2953 2254 in
2998 2201 3291 2269 perniciem
3335 2202 3522 2256 mnudi

1919 2289 2136 2354 vivunt,
2167 2291 2250 2345 hae
2278 2291 2545 2347 latronum
2567 2331 2583 2357 ,
2613 2292 3093 2363 praestigiatorum,
3135 2303 3190 2349 et
3213 2309 3400 2349 eorum
3432 2296 3522 2365 qui

1919 2383 2165 2452 sepulcra
2194 2382 2457 2440 effodiunt
2479 2400 2682 2441 mensae
2710 2394 2852 2440 sunt.
2875 2385 3100 2452 Quando
3120 2387 3279 2442 talem
3298 2389 3524 2456 apponis

1923 2490 2164 2530 mensam
2187 2519 2202 2542 ,
2236 2477 2456 2547 angelus
2497 2477 2688 2542 resilit,
2737 2477 2879 2534 Deus
2903 2489 3288 2548 exasperatur,
3315 2477 3524 2533 dmmo-

1923 2585 2046 2622 num
2078 2571 2328 2640 princeps
2355 2570 2587 2640 gaudet;
2619 2578 2975 2634 aversantur,
3005 2570 3239 2625 oderunt
3262 2581 3315 2625 et
3339 2581 3525 2625 conta-

1922 2661 2148 2716 bescunt
2175 2677 2282 2716 non
2318 2662 2520 2716 inimici
2558 2671 2786 2727 tantum,
2816 2661 2909 2716 sed
2936 2662 3095 2715 etiam
3127 2661 3185 2724 ii,
3222 2663 3309 2732 qui
3341 2662 3524 2717 mode-

1921 2754 2021 2808 rati
2069 2763 2126 2809 et
2174 2754 2382 2810 honesti
2423 2770 2545 2810 esse
2592 2755 2838 2809 homines
2881 2755 3170 2819 videntur,
3220 2765 3276 2809 et
3325 2755 3524 2810 invidia

1923 2847 2100 2914 potius
2130 2846 2493 2913 arrodantur,
2523 2860 2684 2916 quam
2731 2845 2814 2900 bis
2854 2845 3214 2916 prmsentibus
3249 2845 3522 2901 fruuntur.

1923 2937 2152 3001 Quando
2176 2947 2354 2992 autem
2381 2937 2524 2990 illam
2548 2937 2786 2991 sobriam
2812 2951 2875 2991 ac
2896 2935 3195 2990 modestam
3217 2935 3339 3007 quis
3363 2950 3526 3006 appo-

1923 3029 2001 3082 nit
2019 3069 2035 3093 ,
2074 3028 2222 3082 nullo
2246 3027 2636 3084 redundantem
2665 3027 2825 3094 luxu,
2849 3040 2906 3083 et
2933 3027 3252 3084 suavissima
3296 3037 3350 3082 et
3375 3035 3522 3098 grata

1923 3118 2113 3173 amicis
2142 3119 2394 3174 omnibus
2418 3117 2600 3185 fuerit,
2633 3128 2690 3175 et
2718 3120 2849 3186 Deo,
2875 3129 2932 3175 et
2954 3121 3184 3190 angelis,
3211 3131 3268 3175 et
3291 3118 3527 3175 homini-

1928 3212 2026 3266 bus
2051 3229 2063 3265 :
2089 3211 2297 3266 accedit
2321 3222 2374 3266 et
2398 3212 2703 3282 nuigenitus
2727 3211 2817 3266 Dei
2842 3213 3032 3266 Filius.
3065 3211 3525 3278 Quemadmodum

1923 3303 2069 3356 enim
2120 3300 2319 3357 fastum
2371 3301 2542 3369 fugit,
2590 3311 2750 3372 atque
2797 3317 2990 3358 omnes
3022 3303 3210 3361 altum
3258 3303 3525 3372 sapientes

1923 3409 2252 3464 omnemque
2280 3393 2568 3448 tumultum
2601 3403 2910 3461 aversatur,
2949 3395 3022 3449 ita
3057 3394 3246 3449 humili
3278 3405 3363 3450 est
3388 3395 3523 3449 ami-

1924 3501 2020 3540 cus
2041 3528 2054 3550 ,
2089 3485 2298 3556 ipsique
2325 3501 2542 3558 semper
2564 3487 2751 3552 adest,
2784 3488 3068 3557 ipsumque
3097 3495 3267 3542 totum
3296 3488 3526 3543 circum.

1926 3578 2099 3631 munit
2128 3587 2182 3632 et
2216 3587 2435 3632 tutatur.
2467 3577 2684 3633 Christo
2711 3588 2888 3632 autem
2933 3589 3199 3648 prtcsente
3227 3579 3356 3634 nihil
3384 3580 3526 3634 aliud

1926 3671 2296 3740 qmmndum.
2323 3671 2450 3727 llaec
2469 3687 2590 3726 cum
2612 3672 2866 3736 sciamus,
2893 3671 3095 3735 dilecti,
3126 3673 3214 3726 illa
3235 3671 3522 3742 fugiamus,

1928 3764 2043 3819 hmc
2073 3779 2478 3835 persequamur,
2512 3773 2569 3819 ut
2608 3767 2890 3835 praesentia
2923 3774 2977 3818 et
3020 3764 3196 3820 futura
3223 3765 3363 3820 bona
3392 3781 3525 3820 con-

1929 3869 2222 3924 sequamur
2243 3895 2257 3916 ,
2289 3857 2456 3924 gratia
2499 3865 2554 3910 et
2595 3855 2927 3925 benignitate
2959 3855 3166 3909 Domini
3197 3855 3366 3909 nostri
3395 3855 3523 3910 Jesu

1927 3945 2150 4013 Christi,
2190 3948 2406 4016 quicum
2436 3946 2581 4001 Patri
2611 3947 2801 4017 gloria,
2841 3946 3017 4000 honor
3046 3962 3148 4000 una
3178 3962 3298 4001 cum
3341 3957 3526 4002 saneto

1928 4037 2167 4106 Spiritu,
2210 4054 2352 4094 nunc
2393 4048 2448 4093 et
2491 4053 2742 4110 semper,
2791 4049 2845 4094 et
2874 4041 2926 4094 in
2955 4040 3151 4094 sarcula
3183 4039 3523 4095 saeculorum.

1928 4132 2118 4185 Amen.

1670 5031 2075 5096 MONITUM.

235 5292 431 5349 Verum
463 5298 550 5351 hic
583 5315 688 5352 non
723 5315 911 5368 preces
940 5312 1220 5372 perpetuo,
1247 5304 1340 5359 sed
1365 5305 1589 5361 assidue
1621 5315 1830 5362 tantum
1870 5317 1924 5364 et
1956 5308 2272 5379 frequenter
2311 5311 2642 5368 emittendas
2681 5329 2805 5370 esse
2843 5315 3089 5372 docetur.
3117 5318 3273 5386 Quod
3299 5331 3354 5375 et
3383 5321 3516 5377 alibi

229 5411 289 5467 S.
323 5413 511 5470 doctor
541 5428 594 5471 et
614 5417 817 5488 quique
841 5419 1165 5476 Christiana;
1199 5423 1320 5477 vitm
1349 5425 1593 5496 magistri
1618 5426 1984 5496 depraedicant
2017 5445 2030 5482 :
2064 5431 2421 5498 quamobrem
2453 5431 2588 5485 nihil
2618 5432 2746 5488 hinc
2767 5437 3100 5504 suspicionis
3134 5440 3285 5495 nasci
3313 5452 3514 5510 potest.

232 5527 428 5581 Verum
465 5527 610 5582 aliud
638 5530 801 5600 obiici
841 5542 1018 5601 potest
1072 5537 1217 5604 quod
1251 5539 1528 5608 negotium
1568 5537 1800 5595 facessat
1833 5561 1844 5594 :
1877 5542 2078 5598 librum
2127 5542 2499 5602 Ecclesiastici
2549 5547 2667 5603 sive
2705 5546 2830 5604 Jesu
2862 5549 2954 5604 filii
2988 5549 3181 5608 Sirach
3223 5555 3503 5612 Salomoni

224 5637 426 5690 diserte
459 5638 754 5701 adscribit,
783 5645 928 5710 quod
965 5646 1152 5700 nescio
1187 5663 1254 5701 an
1305 5649 1442 5703 alias
1473 5650 1615 5719 apud
1647 5651 2102 5724 Chrysostomum
2138 5660 2404 5727 reperias.
2436 5660 2530 5716 llis
2561 5663 2793 5732 permoti
2841 5665 3150 5723 rationibus
3185 5670 3349 5728 hasce
3376 5673 3512 5729 duas

233 5757 511 5812 orationes
543 5759 684 5814 inter
707 5761 1158 5835 ἀμφιϐαλλὸμενα
1191 5769 1496 5837 posuimus.

303 5891 673 5962 lutcrprctatio
698 5897 886 5956 Latina
915 5913 992 5956 est
1028 5903 1311 5976 l'omponit
1346 5909 1603 5975 [irunellu
1641 5913 1729 5967 μαι
1776 5915 1960 5970 multis
1996 5918 2044 5972 in
2080 5920 2212 5978 locis
2244 5927 2550 5982 emendata.
