4066 6430
582 401 683 458 775

1295 395 1381 455 λε.
1412 395 1689 453 1032\le
1728 391 2203 452 CHRYSOSTUMI
2243 394 2561 452 ARCllll-IP.
2602 397 3136 455 CONSTANTINOP.

1429 618 1972 706 EJUSDEM
2023 616 2182 700 DE
2226 615 2995 706 PBECATIONE.

3323 541 3342 546 _
3365 540 3852 550 -“.—...—-—__._...

2022 766 2368 812 Im

1183 901 1401 944 οιΑτιοι
1421 883 1521 958 (a).

651 963 805 1054 Quod
830 983 993 1039 sancti
1039 979 1278 1051 precandi
1319 979 1566 1048 formulas
1605 974 1894 1044 scripserint
1935 972 2153 1025 letatur.

583 1075 903 1131 Prcmtionis
926 1075 999 1129 ris
1023 1071 1420 1128 commendatur.
1447 1099 1521 1111 —
1575 1069 1718 1123 Duas
1741 1066 1810 1120 ob
1837 1076 2024 1118 causas
2062 1057 2156 1114 Dei

577 1167 811 1222 cultores
837 1163 1130 1220 admirandi
1150 1171 1274 1218 sunt
1297 1177 1358 1216 ac
1371 1161 1509 1217 beati
1529 1157 1799 1230 judicandi
1833 1172 1846 1208 :
1877 1163 1987 1208 tum
2015 1150 2155 1222 quod

575 1274 727 1329 spem
768 1255 955 1312 salutis
979 1271 1090 1312 sua:
1120 1256 1172 1311 in
1201 1256 1401 1310 sanctis
1450 1253 1698 1324 precibus
1740 1245 2154 1308 collocaverint,

578 1361 688 1406 tum
731 1347 894 1420 quod,
925 1363 1046 1404 cum
1072 1348 1300 1420 hymnos
1325 1355 1380 1401 et
1405 1342 1655 1414 precandi
1708 1338 1994 1399 formulas,
2022 1349 2156 1404 quas

579 1441 688 1496 Deo
707 1454 830 1495 cum
870 1438 1048 1494 laetitia
1076 1454 1140 1494 ac
1158 1439 1350 1494 timore
1372 1426 1666 1497 oﬂerehant
1683 1473 1699 1499 ,
1731 1430 1898 1485 literis
1929 1426 2154 1482 manda—

536 1513 537 1520 γ
577 1541 719 1596 rent,
762 1529 918 1585 nobis
942 1515 1154 1601 quoque
1179 1544 1332 1584 suum
1361 1528 1669 1581 thesaurum
1700 1520 2040 1584 tradiderint,
2099 1526 2156 1572 ut

575 1638 792 1678 omnem
811 1622 1172 1693 posteritatem
1199 1629 1418 1690 possent
1444 1616 1508 1670 ad
1529 1630 1589 1670 se
1617 1613 1902 1668 imitandos
1917 1611 2151 1666 allicere.

575 1715 681 1769 l’ar
699 1723 782 1770 est
806 1714 945 1768 enim
972 1711 1248 1767 doctorum
1279 1723 1463 1764 mores
1487 1707 1553 1761 ad
1584 1720 1679 1762 eos
1703 1704 2004 1775 pervenire,
2062 1701 2153 1768 qui

574 1806 705 1872 ipsis
755 1805 885 1859 dant
926 1817 1183 1874 operam:
1214 1802 1448 1871 itemque
1493 1815 1587 1869 par
1639 1808 1722 1854 est
1769 1795 2151 1868 prophetarum

572 1893 865 1963 discipulos
897 1893 1191 1948 imitatores
1219 1907 1404 1947 eorum
1433 1888 1806 1957 essejustitim,
1837 1887 1905 1939 ita
1924 1885 2152 1938 ntvitam

579 1995 812 2038 nostram
849 1985 900 2036 in
928 1981 1171 2052 precibus
1210 1981 1409 2048 Deique
1424 1979 1568 2033 cultu
1604 1985 1866 2047 perpetuo
1904 1973 2153 2029 traduca-

575 2091 716 2140 mus,
742 2085 902 2142 atque
927 2074 977 2127 iu
1003 2089 1063 2127 ea
1094 2088 1152 2126 re
1183 2072 1367 2131 vitam,
1401 2069 1781 2131 valetmlinem,
1801 2067 2036 2130 divitias,
2061 2065 2153 2117 bo-

573 2182 762 2221 norum
793 2167 950 2220 l‘mem
972 2165 1208 2235 positum
1237 2177 1358 2217 esse
1383 2174 1721 2224 censeamus,
1753 2167 1810 2210 ut
1834 2158 1997 2210 Deum
2023 2171 2153 2223 puro

571 2266 625 2311 ct
653 2259 958 2324 incorrupto
985 2255 1163 2308 animo
1191 2253 1559 2320 deprecemur.
1591 2249 1801 2303 Etenim
1828 2289 1845 2313 ,
1873 2256 1929 2300 ut
1957 2260 2154 2314 corpus

571 2349 701 2402 solis
727 2348 965 2410 lumine,
993 2346 1070 2398 sic
1091 2345 1306 2397 animus
1331 2343 1695 2410 precationum
1732 2339 1895 2394 radiis
1924 2338 2154 2392 illustra-

573 2449 679 2493 tur.
712 2438 767 2493 Si
795 2453 922 2506 ergo
951 2438 1076 2492 ειροί
1124 2434 1398 2489 calamitas
1431 2440 1513 2486 est
1557 2431 1722 2485 solem
1766 2429 2004 2498 aspicere
2047 2443 2149 2481 non

573 2545 748 2600 posse,
773 2537 967 2599 quanta
992 2526 1200 2582 tandem
1225 2536 1306 2580 est
1333 2521 1622 2576 Christiani
1649 2521 1747 2574 viri
1774 2520 1979 2588 jactura
2002 2560 2017 2584 ,
2045 2532 2148 2571 non

569 2619 785 2677 assidue
813 2621 978 2675 Deum
1000 2617 1202 2689 precari
1231 2615 1536 2684 Christique
1565 2610 1906 2682 splendorem
1936 2609 1986 2662 iu
2039 2608 2154 2660 ani-

571 2730 712 2767 mum
747 2712 989 2782 precibus
1026 2707 1260 2763 inferre?
1288 2706 1403 2762 Jam
1454 2720 1581 2758 vero
1630 2702 1721 2758 Dei
1774 2699 2149 2768 benignitatem

568 2815 728 2875 atque
773 2803 1106 2858 clementiam
1143 2799 1262 2868 quis
1289 2814 1390 2851 non
1434 2795 1747 2858 admiretur,
1777 2792 1897 2862 quis
1921 2806 2027 2845 non
2057 2805 2146 2842 su-

568 2899 758 2968 spiciat
781 2939 797 2962 ,
842 2911 1002 2966 quam
1031 2893 1183 2948 nobis
1209 2891 1460 2952 ostendit,
1493 2903 1614 2944 cum
1662 2896 1861 2939 tantum
1893 2883 2148 2936 honorem

569 2989 873 3044 hominibus
901 2985 1128 3047 deferat,
1152 2992 1208 3036 ut
1234 2997 1328 3036 eos
1356 2981 1662 3050 precatione
1689 2992 1752 3031 ac
1779 2991 1874 3029 sua
1914 2988 2146 3028 consue-

569 3082 749 3135 tudine
773 3076 1059 3148 dignetur?
1090 3075 1295 3129 Etenim
1325 3087 1445 3126 cum
1476 3071 1587 3125 Deo
1603 3083 1662 3123 re
1679 3083 1803 3122 vera
1831 3063 2149 3134 precationis

569 3184 810 3241 tempore
840 3168 1212 3236 colloquimur,
1261 3179 1364 3234 qua
1386 3177 1506 3216 cum
1533 3159 1734 3230 angelis
1762 3171 1974 3228 quoque
2022 3170 2151 3208 con-

563 3265 854 3336 jungimur,
883 3276 986 3330 qua
1007 3262 1164 3326 longe
1193 3272 1220 3310 a
1246 3255 1506 3327 pecudum
1537 3252 1794 3306 societate
1826 3247 2146 3303 reccdimus.

566 3355 893 3425 Angelorum
923 3363 1004 3407 est
1025 3351 1166 3404 enim
1198 3347 1452 3417 precatio,
1480 3359 1599 3412 qua:
1621 3341 1700 3394 vel
1724 3354 1910 3437 eorum
1933 3346 2150 3437 supcrat

567 3447 902 3516 dignitatem,
948 3439 1233 3518 siquidem
1283 3451 1403 3491 cum
1455 3435 1564 3488 Deo
1611 3430 1754 3501 loqui
1813 3430 2149 3498 prmstantius

565 3535 817 3604 quiddam
840 3542 941 3588 est.
973 3533 1146 3598 Atque
1178 3528 1227 3582 id
1252 3527 1349 3595 ipsi
1394 3539 1491 3577 uos
1519 3523 1752 3585 docent,
1810 3519 1918 3616 qui
1944 3531 2148 3616 magno

567 3630 758 3684 timore
786 3638 972 3694 preces
993 3620 1243 3680 oderunt,
1274 3631 1476 3684 nosque
1501 3613 1809 3674 admonent,
1832 3608 2008 3671 nobis,
2055 3608 2146 3675 qni

566 3720 630 3774 ad
662 3719 823 3772 Deum
845 3712 1150 3770 accedimus
1171 3751 1184 3774 ,
1240 3710 1483 3761 timorem
1508 3719 1627 3759 esse
1648 3702 1802 3756 simul
1831 3713 1885 3756 et
1911 3700 2144 3754 laetitiam

565 3807 951 3865 adhibendam:
987 3801 1276 3858 timendum
1297 3799 1536 3870 quidem,
1561 3793 1892 3858 verentibus,
1934 3808 2002 3845 ne
2029 3807 2147 3861 pre-

564 3901 772 3956 catione
795 3897 992 3967 indigni
1024 3909 1144 3950 esse
1173 3893 1486 3955 videamur;
1513 3889 1696 3943 laetitia
1725 3901 1822 3940 nos
1861 3894 2036 3938 tamen
2079 3897 2143 3935 ex

568 3993 785 4047 honoris
812 3986 1177 4059 magnitudine
1205 3982 1444 4054 perfundi
1488 3991 1758 4050 Oportere,
1807 3976 1948 4046 quod
1999 3982 2142 4028 tanta

563 4100 626 4139 ac
657 4081 747 4136 tali
774 4078 1100 4151 providentia
1126 4074 1349 4128 mortale
1375 4086 1541 4142 genus
1564 4070 1896 4131 boneSIetur,
1926 4073 1984 4119 ut
2009 4064 2147 4117 assi-

563 4176 671 4229 duo
704 4173 791 4226 Dei
808 4183 1096 4237 congressu
1123 4165 1445 4236 perfruatur,
1473 4178 1536 4216 ex
1565 4175 1671 4230 quo
1687 4169 1740 4212 et
1767 4176 1795 4212 a
1826 4156 2148 4210 mortalitate

567 4275 622 4320 et
651 4279 679 4318 a
710 4265 830 4316 vita:
855 4259 1122 4316 curriculo
1151 4258 1342 4325 exiguo
1365 4265 1602 4322 tempore
1622 4250 2026 4318 circumscripto
2065 4264 2146 4300 re-

565 4358 844 4413 cedimus:
874 4355 1070 4423 quippe
1096 4351 1183 4421 qui
1217 4348 1422 4402 tametsi
1454 4352 1637 4399 natura
1670 4343 1939 4404 mortales,
1968 4339 2144 4393 obDei

567 4458 746 4502 tamen
769 4443 1212 4502 consuetudinem
1246 4439 1558 4492 familiarem
1583 4436 1646 4488 ad
1681 4435 1841 4486 vitam
1867 4431 2145 4501 progredi-

570 4558 688 4594 mur
714 4537 1091 4593 immortalem.
1120 4534 1325 4588 Etenim
1357 4532 1444 4599 qui
1497 4544 1615 4583 Ctttll
1666 4528 1774 4580 Deo
1815 4525 2147 4579 familiariter

567 4642 828 4693 versatur,
863 4638 1034 4682 morte
1065 4628 1214 4679 illum
1247 4624 1494 4690 omnique
1514 4621 1727 4673 interitu
1755 4615 2147 4686 potioremesse

569 4740 786 4779 necesse
807 4732 907 4772 est.
942 4722 1132 4787 Atque,
1159 4726 1212 4768 ut
1238 4724 1318 4768 est
1347 4713 1562 4764 omnino
1592 4725 1831 4768 necesse,
1883 4708 1969 4776 qni
2017 4707 2147 4759 ευιξε

569 4814 731 4869 radiis
763 4811 1014 4880 potiatur,
1040 4807 1322 4861 a'tenebris
1348 4805 1525 4872 pret-nl
1551 4802 1738 4855 abesse
1765 4818 1775 4852 :
1811 4801 1878 4853 ita
1901 4800 1989 4852 Dei
2021 4813 2149 4850 eon-

569 4906 852 4962 suetudine
909 4904 1167 4957 fruentem
1223 4914 1440 4953 necesse
1485 4907 1567 4950 est
1616 4911 1717 4948 non
1766 4895 1990 4962 amplius
2029 4908 2148 4945 esse

570 4997 849 5051 mortalem
882 5013 892 5046 :
926 5009 1024 5045 nos
1044 4993 1184 5045 enim
1212 4990 1275 5042 ad
1310 4987 1762 5042 immortalitatem
1795 4985 1902 5050 ipsa
1929 4982 2145 5034 honoris

571 5085 875 5156 magnitudo
902 5084 1150 5138 traducit.
1176 5080 1305 5135 Nam
1326 5065 1385 5134 .si
1409 5121 1421 5143 ,
1446 5077 1532 5148 qui
1562 5093 1738 5146 regem
1769 5078 2104 5143 alloquuntur
2129 5115 2143 5141 ,

570 5191 624 5234 ct
688 5179 823 5246 apud
859 5179 1003 5230 illum
1040 5175 1212 5228 locum
1255 5171 1495 5224 obtinent
1550 5170 1840 5238 dignitatis,
1881 5170 1995 5222 fieri
2044 5184 2144 5220 non

578 5279 771 5338 potest,
799 5281 851 5321 ut.
902 5266 1078 5334 inopia
1121 5265 1378 5324 laborent,
1411 5263 1519 5314 tieri
1553 5262 1771 5313 omnino
1809 5261 1962 5327 longe
2009 5260 2148 5312 diffi-

568 5363 723 5415 cilius
748 5368 943 5428 potest,
969 5367 1023 5408 ut
1051 5355 1139 5424 qui
1170 5353 1433 5421 supplices
1459 5351 1524 5403 ad
1550 5351 1712 5402 Deum
1759 5350 2013 5402 accedunt
2037 5392 2050 5413 ,
2098 5361 2150 5402 et

571 5469 691 5505 cum
720 5467 784 5505 eo
816 5451 1213 5514 colloquuntur,
1235 5445 1482 5496 mortales
1497 5443 1706 5494 animos
1734 5444 2102 5494 nanciscantnr
2131 5457 2143 5493 :

575 5563 717 5601 mors
748 5546 889 5596 enim
922 5550 1005 5593 cst
1031 5539 1190 5592 animi
1223 5535 1326 5589 vita
1354 5549 1382 5586 a
1406 5536 1603 5602 pietate
1629 5549 1690 5586 ac
1722 5533 1922 5602 legibus
1951 5533 2144 5586 aliena.

577 5636 824 5702 Ejusdem
849 5608 1184 5700 igituroanimi
1216 5629 1320 5680 vita
1349 5636 1554 5680 constat
1574 5636 1623 5677 et
1654 5625 1946 5694 religione,
1976 5634 2026 5679 et
2058 5641 2145 5679 ac—

577 5727 808 5782 tionibus
839 5723 1080 5784 vivendi,
1133 5735 1248 5785 qum
1301 5734 1419 5773 cum
1467 5719 1720 5782 religione
1769 5718 2095 5770 cettsvntiant
2137 5734 2146 5768 :

642 5820 709 5880 (cf
746 5820 918 5867 milita
941 5813 1295 5864 νιιιιιλιεηςῡιικ.
1339 5814 1467 5860 lf‘u‘.~’.l.

2266 875 2411 942 atqui
2459 877 2620 932 vitam
2659 892 2896 939 sanctam
2929 902 2997 940 ac
3034 887 3215 945 divino
3264 893 3427 948 cultui
3467 912 3846 970 congruentem

2265 983 2453 1036 preces
2479 971 2722 1040 all'cruut,
2751 987 2806 1032 et
2839 978 2889 1031 iu
2915 981 3124 1037 animos
3140 993 3352 1039 nostros
3370 989 3650 1046 miriﬁcam
3669 1010 3845 1049 rerum

2263 1060 2501 1116 omnium
2558 1068 2904 1134 pretiosarum
2950 1074 3160 1143 copiam
3210 1079 3528 1135 recondunt.
3558 1083 3692 1138 Nam
3741 1091 3852 1141 sive

2262 1150 2523 1220 quispiam
2555 1156 2902 1224 virginitatem
2932 1161 3212 1231 adamarit,
3244 1181 3357 1222 Sive
3386 1172 3694 1239 nuptiarum
3717 1186 3852 1229 tem-

2261 1240 2555 1308 perantiam
2577 1246 2714 1300 colat
2736 1288 2751 1311 ,
2779 1250 2890 1304 sive
2930 1251 3255 1310 iracundiam
3285 1262 3580 1327 continere,
3617 1273 3676 1318 et
3701 1283 3852 1320 man-

2259 1340 2412 1386 suete
2436 1348 2614 1404 agere,
2642 1339 2754 1392 sive
2776 1339 2970 1398 invidia
3000 1360 3190 1400 vacare
3229 1351 3500 1405 aut'aliud
3525 1354 3661 1423 quid
3687 1354 3848 1410 ofticii

2260 1432 2515 1492 prazstare
2542 1429 2760 1495 nitatur,
2793 1435 3099 1501 precatione
3121 1438 3276 1501 duce,
3319 1440 3698 1510 ethujnsmodi
3722 1448 3847 1502 vita:

2260 1514 2399 1568 viam
2425 1519 2717 1586 mnnieutc,
2747 1523 3051 1592 expeditum
3083 1526 3300 1584 habebit
3319 1541 3374 1587 et
3395 1532 3606 1590 facilem
3638 1538 3853 1606 pietatis

2262 1619 2474 1661 cursum
2499 1626 2511 1662 :
2533 1623 2635 1664 non
2660 1629 2802 1666 enim
2823 1615 2934 1669 ﬁeri
2949 1616 3058 1671 ullo
3079 1620 3239 1674 modo
3251 1632 3446 1690 potest,
3463 1635 3519 1678 ut
3535 1629 3626 1695 qui
3643 1639 3851 1698 tempe-

2261 1697 2507 1763 rantiam,
2517 1702 2791 1768 justitiam,
2808 1709 3284 1774 mansuetudinem,
3301 1712 3680 1784 benignitatem
3693 1735 3724 1773 a
3740 1697 3854 1776 Deo

2263 1790 2461 1853 petunt,
2479 1805 2580 1842 non
2593 1794 2696 1846 voti
2709 1806 2982 1864 compotes
2996 1797 3143 1853 ﬁant.
3155 1799 3673 1876 Petiteenim,inquit.
3689 1820 3736 1863 et
3751 1813 3851 1864 du-

2259 1875 2390 1930 bitur
2401 1879 2536 1933 vobis
2561 1881 2766 1951 (Matt/1.
2780 1885 3031 1956 7.7),etc.
3047 1888 3224 1945 Omnis
3238 1895 3368 1945 enim
3383 1897 3467 1965 qui
3481 1875 3622 1964 petit.
3639 1902 3850 1972 accipit,

2258 1979 2304 2022 et
2331 1970 2417 2036 qui
2453 1975 2650 2040 quierit,
2674 1975 2878 2041 invenit,
2897 1989 2942 2030 ct
2963 1981 3185 2048 pulsanti
3203 1985 3604 2056 aperietur-(an
3635 1970 3849 2058 {Li-0).

2261 2058 2325 2112 Et
2372 2061 2493 2114 alibi
2537 2079 2718 2119 rursus
2748 2080 2761 2118 :
2793 2066 2918 2132 Quis
2945 2079 3048 2134 est,
3075 2069 3265 2140 inquit,
3293 2090 3356 2126 ea:
3400 2077 3556 2140 vobis,
3585 2095 3616 2130 a
3666 2096 3768 2147 quo
3809 2084 3854 2134 εἰ

2259 2151 2452 2218 petierit
2475 2153 2611 2220 ﬁlms
2630 2171 2751 2208 suus
2775 2173 2954 2225 panem
2977 2200 2991 2223 ,
3021 2176 3142 2213 nunt
3169 2163 3387 2229 lapidem
3413 2166 3550 2218 dabit
3580 2170 3626 2220 ei
3642 2169 3670 2221 .’
3707 2172 3786 2225 re!
3809 2175 3855 2225 si

2260 2243 2443 2310 piscem
2475 2246 2686 2313 petierit,
2735 2265 2854 2300 mtm
2879 2262 3153 2316 serpentem
3183 2255 3320 2306 dabit
3348 2257 3429 2308 ei?
3454 2257 3513 2311 Si
3556 2260 3712 2328 igitur
3736 2279 3850 2324 vos,

2258 2347 2369 2384 cum
2391 2335 2513 2386 ntali
2531 2336 2660 2399 sitis,
2688 2339 2845 2390 nostis
2861 2339 2987 2392 bona
3004 2341 3127 2394 dare
3141 2342 3261 2410 ﬁliis
3278 2347 3663 2416 vestris,quanto
3686 2355 3854 2421 magis

2259 2421 2414 2477 Pater
2424 2438 2578 2479 vester
2594 2429 2802 2483 ccclesiis
2823 2431 2958 2484 dabit
2976 2432 3224 2502 Spiritum
3237 2448 3463 2489 sanctum
3486 2442 3769 2506 petentibus
3797 2462 3854 2497 sc

2257 2516 2414 2587 (Ibid.
2435 2536 2480 2572 υ.
2515 2521 2736 2591 41-15)?
2763 2523 2854 2576 llis
2886 2526 3079 2589 verbis,
3118 2536 3169 2580 et
3203 2526 3302 2582 hac
3323 2545 3416 2599 spe
3449 2514 3718 2600 proposita
3740 2576 3757 2600 ,
3782 2538 3853 2590 ad

2257 2611 2614 2676 precationem
2637 2628 2735 2667 nos
2754 2630 2932 2667 rerum
2955 2618 3190 2670 omnium
3222 2619 3475 2675 Dominus
3495 2626 3814 2680 cohortatur
3836 2646 3849 2679 :

2259 2714 2354 2751 nos
2403 2717 2528 2754 vero
2572 2702 2724 2757 decet
2767 2705 3192 2777 obtemperantes
3234 2710 3361 2776 Deo,
3406 2715 3457 2767 in
3502 2716 3748 2771 laudibus
3784 2735 3853 2773 ae

2260 2792 2502 2857 precibus
2537 2802 2790 2860 perpetuo
2819 2797 3014 2863 vivere,
3053 2799 3123 2852 ita
3155 2807 3212 2852 ut
3233 2801 3324 2855 Dei
3350 2804 3513 2858 cultui
3543 2821 3704 2874 quam
3733 2811 3852 2861 ani-

2256 2897 2356 2934 mts
2383 2885 2579 2937 nostris
2601 2888 2800 2940 arctius
2832 2887 3129 2944 haereamus
3154 2909 3167 2944 :
3200 2894 3270 2947 ita
3299 2895 3442 2948 enim
3487 2895 3671 2952 licebit
3694 2900 3851 2956 nobis

2256 2984 2414 3027 vitam
2471 2975 2772 3030 hominibus
2831 2979 3042 3049 dignam
3100 2997 3278 3051 agere.
3337 2985 3468 3038 Nam
3522 2991 3850 3060 quicumque

2260 3067 2422 3122 Deum
2464 3077 2566 3121 non
2613 3082 2876 3138 precatur,
2908 3088 3078 3141 neque
3121 3075 3303 3129 divino
3336 3077 3606 3148 colloquio
3630 3084 3850 3140 assidue

2257 3156 2356 3210 frui
2395 3161 2572 3227 cupit,
2619 3173 2860 3216 mortuus
2905 3173 2987 3217 est
3026 3177 3080 3218 et
3127 3168 3301 3220 anima
3356 3183 3627 3239 sensuque
3674 3184 3846 3229 caret.

2257 3248 2385 3302 Illud
2411 3260 2492 3328 est
2520 3251 2804 3305 maximum
2837 3255 3075 3308 stultitiae
3097 3270 3160 3309 ac
3187 3259 3418 3324 stuporis
3443 3274 3848 3328 argumentum.

2253 3339 2295 3392 si
2342 3326 2561 3394 ltomiris
2604 3340 2762 3411 hujus
2807 3345 3115 3412 magnitudo
3160 3348 3463 3416 ignoratur,
3509 3352 3551 3404 si
3607 3356 3849 3421 precatio

2254 3448 2358 3485 non
2400 3445 2628 3501 amatur,
2671 3436 2714 3488 si
2765 3451 2868 3489 non
2912 3438 3105 3492 anima:
3136 3455 3282 3494 mors
3326 3457 3447 3496 esse
3486 3444 3848 3514 existimatur,

2254 3523 2418 3577 Deum
2459 3540 2564 3579 non
2605 3526 2847 3581 adorare.
2883 3527 2952 3584 Ut
2984 3529 3126 3584 enim
3170 3545 3360 3602 corpus
3410 3536 3510 3588 hoc
3555 3549 3845 3604 nostrum,

2251 3632 2370 3670 cum
2417 3619 2629 3674 animus
2669 3619 2848 3684 abest,
2895 3631 3160 3675 tnortuum
3200 3633 3282 3678 est
3333 3641 3397 3680 ac
3441 3627 3681 3682 {intidem
3717 3648 3730 3684 :
3772 3633 3846 3684 ita

2252 3708 2351 3761 nisi
2383 3723 2442 3763 se
2467 3710 2675 3764 animus
2720 3709 2784 3765 ad
2818 3714 3176 3780 precationem
3209 3717 3423 3781 excitat,
3465 3729 3709 3772 mortuus
3737 3731 3844 3782 est,

2253 3800 2433 3865 miser,
2463 3815 2525 3855 ac
2564 3801 2800 3855 imtidus.
2854 3804 3011 3870 Atqui
3049 3807 3233 3874 quavis
3271 3818 3443 3862 morte
3472 3812 3719 3865 acerbius
3750 3828 3850 3880 pu-

2253 3889 2467 3942 tandnm
2512 3904 2630 3944 esse
2677 3893 2980 3959 precatione
3023 3895 3271 3962 spoliari,
3306 3912 3530 3967 magnus
3575 3899 3666 3954 ille
3719 3918 3847 3970 pro-

2253 3978 2406 4045 pheta
2438 3994 2535 4032 nos
2563 3981 2738 4033 Daniel
2765 3981 2941 4048 docet,
2963 3984 3051 4052 qui
3081 3987 3211 4037 mori
3243 3987 3447 4052 maluit,
3473 4004 3632 4056 quam
3665 3993 3844 4048 tribus

2251 4068 2439 4122 diebus
2462 4085 2490 4120 a
2533 4071 2780 4139 precibus
2807 4087 2993 4127 vacare
3027 4073 3188 4144 (Dan.
3216 4075 3267 4128 6.
3314 4074 3424 4147 lO).
3470 4079 3654 4150 Neque
3696 4084 3842 4137 enim

2250 4171 2306 4213 ut
2337 4170 2516 4214 contra
2552 4163 2796 4231 pietatem
2843 4165 3036 4234 aliquid
3083 4167 3295 4232 iaceret,
3328 4172 3584 4238 przeccpit
3617 4189 3708 4226 rex
3755 4176 3847 4228 ille

2253 4254 2552 4320 Persarum,
2596 4256 2844 4332 sedillud
2887 4258 3098 4327 agebat,
3130 4259 3362 4312 uttrium
3404 4261 3612 4314 dierum
3654 4277 3849 4317 cessa-

2254 4345 2451 4397 tionem
2491 4329 2767 4412 reperiret.
2801 4347 2929 4400 Nam
2962 4350 3078 4402 sine
3101 4349 3280 4403 divino
3311 4361 3439 4404 nutu
3485 4354 3683 4407 bonum
3720 4356 3843 4407 nul-

2253 4437 2358 4486 lum
2391 4438 2440 4488 in
2488 4450 2699 4490 noStros
2738 4439 2943 4491 animos
2980 4444 3188 4494 venerit
3218 4457 3232 4492 :
3272 4449 3430 4495 nutus
3461 4458 3588 4496 vero
3629 4444 3849 4498 divinus

2252 4528 2458 4581 labores
2502 4529 2776 4582 nobiscum
2821 4530 3156 4598 aggreditur,
3190 4547 3388 4601 eosque
3432 4534 3687 4602 prteclare
3716 4537 3849 4589 sub-

2253 4618 2410 4682 levat,
2455 4620 2497 4670 si
2530 4634 2714 4686 preces
2747 4620 2923 4673 videat
2951 4637 2981 4674 a
3009 4623 3163 4676 nobis
3189 4623 3362 4692 diligi,
3392 4639 3600 4688 neSque
3629 4627 3850 4680 assidue

2255 4707 2417 4760 Deum
2470 4724 2625 4762 orare
2670 4724 2733 4762 ac
2778 4725 2995 4777 sperare
3037 4720 3226 4766 cuncta
3281 4714 3406 4767 inde
3452 4715 3518 4767 ad
3570 4729 3670 4770 nos
3705 4715 3847 4771 bona

2252 4795 2584 4852 descensura.
2643 4799 2866 4866 Quando
2905 4801 3062 4870 igitur
3102 4804 3328 4873 aliquem
3377 4805 3534 4858 video
3578 4821 3608 4858 a
3660 4824 3851 4876 preca-

2255 4889 2411 4943 tionis
2439 4891 2614 4945 studio
2657 4891 2866 4956 abesse,
2915 4909 3087 4964 neque
3133 4895 3274 4949 illius
3314 4896 3519 4950 ardenti
3566 4913 3631 4951 ac
3675 4899 3848 4954 velte-

2255 4980 2416 5034 menti
2447 4995 2629 5034 amore
2675 4983 2863 5044 teneri,
2905 4983 3013 5051 jam
3047 4985 3174 5038 mihi
3205 4986 3534 5053 exploratum
3567 4999 3672 5051 est,
3708 4992 3842 5041 uilnl

2254 5074 2320 5127 ah
2345 5090 2407 5127 eo
2436 5075 2792 5142 magniﬁcum,
2817 5077 2944 5128 nihil
2971 5077 3281 5144 praeclarum
3309 5079 3587 5146 possideri.
3613 5083 3846 5147 Quando

2255 5183 2382 5219 vero
2434 5169 2660 5236 aliquem
2709 5183 2875 5222 cerno
2921 5169 2969 5223 in
3016 5170 3124 5223 Deo
3163 5172 3389 5225 colendo
3438 5173 3553 5225 sine
3598 5173 3852 5227 satia-late

2259 5260 2561 5327 persistere,
2589 5263 2782 5329 quique
2812 5277 2915 5314 non
2945 5261 3151 5330 precari
3181 5263 3392 5317 assidue
3424 5265 3474 5315 in
3505 5266 3715 5332 magnis
3747 5283 3846 5318 nn—

2257 5358 2429 5402 meret
2472 5349 2839 5416 detrimentis,
2873 5353 3111 5406 omnium
3151 5353 3298 5406 illum
3339 5354 3592 5407 virtutum
3641 5358 3842 5409 acet-ri

2258 5456 2402 5494 mum
2434 5441 2713 5501 cultorem,
2753 5443 2947 5512 Deique
2980 5446 3231 5512 templum
3262 5461 3379 5498 csse
3409 5446 3660 5511 conjicio.
3694 5448 3848 5512 Quod

2257 5534 2299 5583 si
2348 5533 2570 5586 amictus
2618 5533 2869 5599 hominis,
2906 5535 3096 5604 pedum
3144 5552 3390 5604 gres~us,
3423 5548 3476 5591 et
3517 5539 3660 5592 risus
3723 5538 3852 5592 den-

2260 5626 2387 5677 tium
2418 5640 2533 5692 qua:
2579 5626 2628 5676 in
2671 5643 2734 5678 co
2775 5635 2901 5678 sunt
2948 5628 3133 5694 retegit
3170 5628 3352 5695 (ΡΠ-ΓΗ.
3390 5628 3474 5682 i9.
3507 5628 3621 5698 Ξῖ),
3655 5645 3849 5684 secun-

2259 5716 2380 5765 dum
2430 5716 2721 5783 sapientem
2767 5716 3142 5778 Salomouem,
3193 5717 3360 5770 multo
3402 5720 3569 5786 magis
3613 5720 3848 5782 pr-‘t'nli'l

2266 5807 2460 5874 [suque
2489 5806 2660 5861 coitus
2691 5818 2767 5862 est
2792 5808 3009 5874 justitia:
3066 5823 3458 5879 argumentum,
3495 5829 3612 5862 cum
3641 5811 3732 5865 illa
3762 5829 3833 5863 ve
