4066 6432
541 402 642 455 τΠ

541 517 678 573 οὐσα
718 515 1062 587 πνευματικῆ
1121 516 1215 569 καὶ
1266 514 1410 579 θεία,
1452 517 1653 590 πολλὴν
1691 521 1994 591 εὐμορφίαν
2038 522 2130 575 καὶ

543 608 736 671 κάλλος
764 605 1109 677 καταχέουσα
1163 618 1187 647 ι
1233 608 1353 670 ταῖς
1393 608 1693 680 ἡμετέραις
1720 609 2003 676 διανοίαις,
2040 610 2131 663 τὸν

522 697 771 752 ’ὲκάπου
829 694 1170 766 ῥυθμίζουσα
1224 692 1361 762 βίον.
1422 696 1525 751 οὐκ
1553 696 1698 752 έῶσα
1736 697 1940 767 φαῦλον
1978 699 2131 754 οὐδὲν

538 781 660 837 οὐδὲ
700 783 902 837 ἄτοπον
964 782 1065 851 τῆς
1107 781 1347 843 διανοίας
1398 786 1649 853 κρατεῖν,
1706 783 1970 839 αιδεῖσθαι
2011 787 2132 839 πεί-

538 868 707 921 θουσα
751 867 842 921 τὸν
888 866 1037 931 Θεὸν,
1072 867 1167 920 καὶ
1212 866 1312 938 τὴν
1355 869 1487 938 παρ’
1530 869 1695 922 αὐτοῦ
1726 871 1914 941 τιμὴν,
1950 874 2130 928 πᾶσαν

537 954 633 1008 τοῦ
686 951 930 1025 Πονηροῦ
977 954 1233 1023 γοητείαν
1281 954 1708 1024 ἀποπέμπεσθαι
1758 959 2128 1025 παιδεύουσα,

534 1043 665 1106 τοὺς
697 1041 957 1111 αἰσχροὺς
1011 1040 1106 1093 καὶ
1162 1040 1396 1104 ἀτόπους
1423 1039 1783 1105 ἐξελαύνουσα
1814 1045 2127 1117 λογισμοὺς,

537 1132 596 1183 ὲν
658 1127 927 1199 ὑπεροψία
969 1128 1071 1197 τῆς
1129 1127 1323 1197 ἡδονῆς
1376 1129 1692 1185 καθιστῶσα
1739 1132 1837 1203 τὴν
1895 1133 2128 1187 ἑκάστου

533 1217 732 1288 ψυχήν.
779 1214 931 1286 Αὕτη
982 1215 1094 1284 γὰρ
1139 1216 1172 1285 ὴ
1220 1215 1573 1286 ὑπερηφανία
1626 1218 1761 1289 μόνη
1790 1218 2128 1288 πρέπειτοῖς

534 1304 627 1359 τὸν
652 1303 884 1375 Χριστὸν
910 1301 1244 1373 σεϐομένοις,
1269 1302 1331 1354 τὸ
1373 1302 1563 1373 μηδενὶ
1594 1305 1863 1359 δουλεύειν
1891 1306 2124 1380 αἰσχρῷ,

536 1389 685 1464 ε781]
733 1390 871 1445 ἀλλά
917 1392 1107 1459 τηρεῖν
1152 1390 1211 1442 ὲν
1243 1387 1527 1461 ἐλευθερία
1559 1392 1659 1463 τὴν
1692 1392 1871 1464 ψυχὴν
1899 1394 1994 1447 καὶ
2027 1394 2129 1465 βίῳ

533 1478 953 1549 κεκαθαρμένῳ.

606 1567 727 1620 Ὅτι
770 1566 869 1636 μὲν
893 1560 986 1618 οὖν
1017 1563 1296 1630 παντελῶς
1341 1565 1623 1636 ἀμήχανον
1657 1566 1786 1621 ἄνευ
1819 1568 2127 1639 προπυχῆς

534 1654 702 1724 ἀρετῇ
733 1653 922 1722 συςῇν,
950 1652 1044 1703 κα)¹
1078 1652 1219 1721 μετά
1242 1651 1446 1721 ταύτης
1484 1652 1813 1723 πορεύεσθαι
1856 1655 1947 1708 τὸν
1987 1655 2123 1725 βίον,

531 1736 687 1810 οἶμαι
729 1738 889 1809 δῆλον
936 1738 1141 1793 ἀπασιν
1192 1734 1353 1792 εἶναι.
1403 1739 1529 1802 Πῶς
1578 1740 1689 1812 γάρ
1719 1740 1785 1795 άν
1819 1758 1901 1804 τις
1925 1741 2127 1813 ἀρετὴν

539 1828 791 1900 ἁσκήσειε
829 1826 907 1898 μὴ
959 1825 1201 1897 προσιὼν
1229 1826 1322 1878 καὶ
1368 1827 1725 1897 προσπίπτων
1766 1827 2004 1899 συνεχῶς
2047 1828 2127 1901 τῷ

532 1914 733 1985 ταύτης
771 1912 991 1985 χορηγῷ
1039 1912 1133 1966 καὶ
1162 1912 1381 1983 δοτῆρις
1412 1913 1529 1976 πῶς
1557 1912 1614 1966 δὲ
1648 1913 1715 1967 ἀν
1737 1931 1823 1978 τις
1851 1914 2126 1986 ἐπιθυμή-

531 2018 676 2056 σειεν
710 1996 847 2053 εἶναι
904 2000 1137 2071 σώφρων
1169 2000 1264 2052 καὶ
1314 1999 1547 2063 δίκαιος,
1578 1999 1652 2071 μὴ
1712 2001 1917 2072 ὁμιλῶν
1958 2003 2127 2073 ἡδέως

527 2089 609 2160 τῷ
655 2086 829 2142 ταῦτά
881 2105 953 2141 τε.
990 2088 1088 2140 καὶ
1139 2085 1307 2139 πλείω
1364 2086 1570 2140 τούτων
1616 2088 1937 2143 ἀπαιτοῦντι
1993 2090 2125 2162 παρ’

530 2176 687 2245 ἡμῶν
712 2190 726 2239 ;
754 2172 1028 2243 Βούλομαι
1057 2172 1115 2225 δὲ
1151 2172 1416 2237 ἐπιδεῖξαι
1472 2173 1561 2227 διά
1601 2174 1869 2246 βραχέων,
1904 2177 1986 2230 ὅτι
2019 2177 2126 2232 κάν

530 2261 941 2333 ἁμαρτημάτων
968 2258 1242 2328 γέμοντας
1270 2261 1327 2312 αἱ
1359 2260 1662 2331 προσευχαὶ
1689 2261 1925 2317 λάϐωσιν
1954 2266 2124 2334 ἡμᾶς,

527 2350 738 2422 ταχέως
796 2348 1254 2419 ἀποκαθαίρουσι.
1284 2349 1477 2401 Καίτοι
1508 2349 1561 2401 τί
1602 2349 1785 2419 μεῖζον
1821 2352 2017 2420 γένοιτ’
2056 2354 2124 2407 ἂν

530 2437 858 2510 προσευχῆς,
890 2437 923 2508 ἢ
955 2435 1248 2506 θειότερον,
1313 2436 1441 2489 ὃταν
1484 2436 1931 2507 ἀλεξιφάρμακον
1980 2442 2121 2510 φανῇ

525 2544 578 2580 τι
606 2522 740 2580 οὖσα
766 2528 877 2588 τοῖς
896 2526 996 2588 τάς
1032 2523 1211 2595 ψυχὰς
1240 2523 1523 2589 νοσοῦσινς
1560 2524 1769 2578 Οὐκοῦν
1799 2526 2003 2597 πρῶτοι
2027 2528 2125 2580 Νι-

524 2613 732 2671 νευῗται
752 2614 1034 2684 φαίνονται
1075 2613 1162 2666 διὰ
1199 2613 1511 2684 προσευχῆς
1541 2612 1943 2683 ἀναλυσάμενοι
1970 2617 2000 2657 h
2025 2616 2126 2681 τάς

526 2700 727 2765 πολλάς
789 2701 920 2771 πρὸς
972 2700 1107 2754 Θεὸν
1162 2701 1459 2771 ἁμαρτίας.
1499 2700 1651 2771 Ἅμα
1684 2718 1745 2754 τε
1783 2702 1892 2774 γάρ
1934 2702 2124 2758 ἐλαϐεν

526 2790 723 2852 αὐτοὺς
750 2789 784 2859 ἡ
808 2791 1105 2859 προσευχὴ,
1144 2789 1240 2842 καὶ
1272 2788 1518 2852 δικαίους
1561 2789 1808 2859 ἐποίησε,
1845 2791 1938 2842 καὶ
1969 2791 2124 2844 πόλιν

527 2876 835 2948 εἰθισμένην
887 2876 1156 2946 ἀκολασίᾳ
1181 2876 1276 2929 καὶ
1300 2876 1536 2945 πονηρίᾳ
1558 2876 1653 2930 καὶ
1694 2877 1999 2948 παρανόμῳ
2024 2877 2124 2949 βίῳ

523 2964 713 3035 συζῇν,
739 2962 1138 3037 ὲπανὼρθωσεν
1186 2963 1377 3029 ὀξέως,
1408 2964 1648 3027 παλαιάς
1681 2962 1966 3035 συνηθείας
2006 2968 2123 3037 μεῖ-

523 3053 614 3116 ζον
634 3051 927 3121 ἰσχύσασα,
958 3050 1070 3104 τῶν
1093 3051 1362 3119 οὐρανίων
1386 3050 1566 3120 νόμων
1589 3050 1772 3121 πλήρη
1792 3055 2125 3123 πεποιηκυία

520 3140 619 3212 τὴν
648 3141 824 3204 πόλιν,
872 3138 1307 3209 συνεφελκομένη
1343 3137 1463 3209 μεθ’
1486 3138 1688 3208 ἑαυτῆς
1722 3139 1818 3192 καὶ
1848 3141 2126 3212 σωφροσύ-

518 3246 640 3299 νην,
680 3229 775 3282 καὶ
802 3226 1234 3298 φιλανθρωπίαν,
1264 3227 1359 3279 καὶ
1399 3227 1708 3297 πραότητα,
1740 3228 1834 3280 καὶ
1868 3228 2123 3299 πρόνοιαν

466 3366 471 3369 .
520 3315 773 3386 πτωχῶν.
822 3315 898 3369 Οὐ
946 3314 1055 3383 γὰρ
1092 3314 1346 3383 ἀνέχεται
1387 3313 1560 3384 χωρὶς
1605 3313 1811 3368 τούτων
1848 3314 2121 3371 ἐνδιαιτᾶ-

521 3404 644 3458 σθαι
675 3403 822 3475 ψυχῇ
856 3414 878 3442 α
906 3416 921 3431 ·
953 3402 1068 3456 ἀλλ’
1118 3403 1199 3465 εἰς
1226 3402 1292 3473 ἣν
1321 3401 1387 3454 ἂν
1414 3403 1610 3473 οίκήσῃ
1641 3402 1901 3467 διάνοιαν,
1936 3403 2121 3475 πλήρη

520 3495 664 3545 ποιεῖ
685 3491 1034 3560 δικαιοσύνης
1060 3489 1263 3560 πάσης,
1287 3488 1713 3561 παιδοτριϐοὗσα
1742 3489 1878 3560 πρὸς
1894 3490 2116 3562 ἀρετὴν,

520 3580 614 3634 καὶ
643 3577 841 3632 κακίαν
871 3576 1213 3649 ὲξορίζουσα.
1262 3578 1371 3630 Καὶ
1397 3577 1462 3646 δὴ
1492 3578 1589 3629 καὶ
1613 3577 1735 3629 τότε
1792 3576 1844 3629 εί
1880 3593 1963 3639 τις
2005 3580 2119 3631 εἰσ-

517 3665 679 3735 ῆλθεν
713 3668 792 3728 εἰς
817 3666 1020 3737 Νινευῆ
1051 3666 1149 3737 τὴν
1166 3664 1345 3728 πόλιν,
1374 3665 1469 3717 καὶ
1492 3664 1755 3735 πρότερον
1775 3664 1941 3733 αὐτὴν
1958 3666 2118 3738 ἀκρι-

517 3755 630 3819 ϐῶς
655 3758 1040 3826 ἐπιστάμενος,
1086 3757 1188 3809 οὐκ
1233 3754 1299 3808 ἂν
1336 3754 1555 3822 ἐπέγνω
1597 3754 1696 3822 τὴν
1726 3754 1880 3806 πόλιν
1904 3772 1917 3785 ·
1946 3754 2120 3820 οὕτως

518 3838 775 3909 ἐξαίφνης
831 3839 939 3892 ἀπὸ
968 3837 1062 3890 τοῦ
1121 3836 1453 3907 φαυλοτέρου
1500 3834 1615 3905 βίὸυ
1658 3836 1796 3904 πρὸς
1832 3836 2117 3892 εὐσέϐειαν

521 3922 913 3992 μετεπήδησεν.
946 3921 1160 3991 Ὥσπερ
1205 3920 1314 3990 γάρ
1358 3922 1591 3987 γυναῖκα
1652 3921 1898 3991 πτωχὴν,
1950 3920 2117 3991 ῥάκια

518 4003 814 4074 φοροῦσαν,
850 4002 988 4074 μετά
1020 4001 1196 4054 ταῦτά
1214 4019 1299 4065 τις
1329 4005 1549 4073 χρυσοῖς
1574 4003 1810 4071 ἱματίοις
1841 4020 2117 4074 κεκοσμη-

520 4085 689 4155 μένην
720 4082 863 4149 ἰδὼν,
899 4085 1002 4138 οὐκ
1040 4084 1106 4138 ἀν
1129 4084 1378 4153 ὲπιγνοίη
1403 4082 1463 4137 τὸ
1494 4082 1715 4151 γύναιον
1736 4100 1748 4111 ·
1776 4082 1949 4147 οὕτως
1970 4089 1996 4139 6
2016 4088 2116 4157 τὴν

516 4168 672 4220 πόλιν
705 4167 925 4237 ἐκείνην
967 4165 1127 4231 εἰδὼς
1157 4167 1546 4237 πτωχεύουσαν
1582 4165 1975 4236 πρότερον,κα“ι
2005 4168 2116 4222 τῶν

518 4250 901 4321 πνευματικῶν
931 4250 1136 4323 ἔρημον
1159 4246 1325 4304 οὖσαν
1356 4248 1669 4319 θησαυρῶν,
1734 4251 2001 4320 ἠγνόησεν
2048 4251 2116 4305 ἂν

518 4335 635 4404 ητις
674 4335 761 4405 είη
795 4334 1027 4406 ἡπόλις,
1064 4335 1131 4407 ἢν
1162 4332 1417 4387 τοσοῦτον
1456 4331 1677 4403 ἴσχυσεν
1710 4333 1844 4405 εὐχὴ
1878 4335 2115 4404 μεταϐα-

516 4417 683 4473 λοῦσα
707 4422 801 4472 καὶ
820 4419 1021 4491 τρόπον
1052 4420 1146 4473 καὶ
1170 4417 1282 4488 βίον
1317 4418 1455 4488 πρὸς
1485 4417 1686 4487 ἀρετὴν
1716 4418 2109 4487 ἐπαναγαγεῖν.

516 4501 627 4553 Καὶ
658 4503 797 4570 γυνὴ
818 4501 876 4554 δέ
904 4518 987 4565 τις
1033 4503 1090 4554 ὲν
1120 4499 1387 4571 ἀκολασίᾳ
1420 4500 1515 4554 καὶ
1560 4501 1786 4571 πορνεία
1819 4502 1996 4555 πάντα
2022 4502 2111 4571 βε-

516 4583 749 4637 ὅιωκυία
807 4584 902 4637 τὸν
955 4585 1165 4654 χρόνον,
1218 4584 1337 4654 ἅμα
1383 4602 1441 4637 τε
1478 4585 1785 4655 προσέπεσε
1822 4585 1956 4655 πρὸς
1985 4586 2111 4651 τοὺς

516 4666 684 4730 πόδας
738 4665 832 4720 τοῦ
865 4666 1123 4737 Χριστοῦ,
1155 4666 1249 4719 καὶ
1279 4667 1555 4739 σωτηρίας
1588 4666 1797 4737 ἔτυχεν.
1825 4670 1901 4721 Οὐ
1933 4670 2109 4723 τοίνυν

511 4748 875 4822 ἀποκαθαίρει
930 4748 1090 4818 μόνον
1142 4748 1452 4819 ἁμαρτίας,
1505 4748 1638 4801 ἀλλά
1686 4751 1780 4802 καὶ⁵
1831 4751 2108 4816 κινδύνους

511 4833 877 4902 ἀποκρούεται
906 4832 1194 4901 μεγάλους.
1217 4832 1286 4884 Ὄ
1307 4831 1372 4899 γέ
1392 4848 1474 4884 τοι
1505 4830 1755 4901 βασιλεὺς
1772 4833 1907 4903 ὁμοῦ
1936 4852 1995 4887 τε
2012 4838 2107 4889 καὶ

513 4917 817 4986 προφήτης.
853 4917 881 4967 6
912 4914 1216 4985 θαυμάσιος
1254 4914 1438 4975 Δαυῖδ,
1473 4915 1600 4978 τοὺς
1634 4915 1863 4979 πολλοὺς
1895 4921 1989 4972 κα)⁵
2016 4938 2106 4989 χα.

510 4998 707 5062 λεπούς
740 4997 1012 5069 πολέμους
1053 5000 1120 5070 τῇ
1157 5000 1432 5069 προσευχῇ
1482 4991 1729 5068 διέφυγε,
1753 5000 1909 5052 τοῦτο
1947 5002 2103 5069 μόνον

509 5080 571 5133 τὸ
596 5081 762 5135 ὅπλον
796 5081 893 5150 τῆς
936 5081 1196 5150 στρατιᾶς
1233 5079 1695 5151 προϐαλλόμενος,
1730 5082 1825 5134 καὶ
1848 5083 2102 5152 παρέχων

508 5165 623 5227 τοῖς
678 5163 869 5218 ἑαυτοῦ
916 5161 1271 5233 στρατιώταις
1326 5162 1450 5215 καθ’
1504 5162 1735 5235 ήσυχίαν
1785 5165 1880 5218 καὶ
1920 5165 2102 5219 ἄδειαν

508 5244 803 5300 ἀπολαύειν
833 5246 945 5316 τῆς»
994 5247 1164 5316 νίκης.
1228 5247 1292 5299 Οί
1344 5246 1442 5314 μὲν
1498 5242 1593 5299 οὖν
1637 5246 1785 5300 ἄλλοι
1836 5245 2098 5317 βασιλεῖς,

508 5332 661 5402 ὲντῇ
697 5330 807 5384 τῶν
864 5330 1185 5401 στρατηγῶν
1241 5329 1504 5402 ἐμπειρία
1566 5329 1658 5383 καὶ
1690 5332 1756 5401 τῇ
1811 5332 1973 5403 τέχνῃ
2007 5332 2099 5385 καὶ

568 5538 595 5600 9
619 5534 773 5600 ξενὶι,
792 5537 841 5585 in
853 5550 1017 5600 ξηαπ-ει
1030 5538 1216 5600 κάλλος
1243 5540 1531 5600 ἐμποιοῦσα.

565 5596 752 5668 δ’(ὶοιί).
776 5605 821 5645 el
846 5596 998 5649 Saviﬁ
1025 5598 1077 5648 in
1098 5608 1238 5649 textu
1260 5596 1658 5664 ἀπολουσάμενοι.
1684 5600 1832 5652 Savil.
1858 5603 1906 5651 in
1934 5617 2088 5668 marg.

504 5659 615 5706 ἀνα)
627 5659 867 5718 υσάμενοι.

516 5758 519 5763 .
550 5721 590 5749 ’τ
618 5718 753 5767 Coll).
783 5721 1102 5792 ἐνδιαιτᾶσθαι
1126 5723 1327 5786 βροτοῖς.
1356 5722 1509 5773 Ξειιίι.
1558 5726 1603 5773 in
1632 5730 1771 5774 lo.qu
1800 5727 2002 5790 βροτοῖς,
2039 5728 2087 5777 in

508 5798 581 5831 mu
610 5794 657 5841 ε.
692 5795 915 5841 πτιιιχοιςτ
1232 5800 1237 5805 α

568 5846 589 5882 ιΙ
612 5843 746 5889 ιῖοιιι.
774 5843 977 5902 εὐτυχία.

1212 400 1269 455 S.
1294 399 1577 456 .IOANNSS
1615 403 2107 462 CIIRYSOSTOMI
2144 404 2470 463 ARCHIEP.
2511 408 3068 469 CONSTANTINOP.

3726 413 3837 469 773

2239 518 2482 586 τοξόταις
2535 523 2631 591 καὶ
2670 502 2916 587 ὁπλίταις
2976 524 3071 577 καὶ
3119 522 3344 577 ἱππεῦσι
3376 523 3477 594 τὴν
3517 524 3710 580 ἐλπίδα
3737 527 3836 596 τῆς

2238 612 2517 682 σωτηρίας
2544 608 2690 684 εἶχον
2718 628 2734 644 ⁸
2763 615 2792 665 ὁ
2815 612 2873 666 δὲ
2901 614 3077 684 μέγας
3094 612 3259 667 Δαυῖδ
3278 616 3398 677 ταῖς
3432 615 3615 682 ἀγίαις
3647 616 3837 685 εὐχαῖς

2237 701 2338 771 τὴν
2374 703 2635 773 στρατιάν
2688 702 2977 775 ἐτείχιζεν,
3020 705 3081 758 ού
3121 703 3334 773 βλέπων
3364 706 3443 769 είς
3470 705 3646 777 ὀφρὺν
3675 722 3841 775 στρα-

2237 792 2423 863 τηγῶν
2456 796 2551 847 καὶ
2609 794 2918 867 ταξιάρχων
2946 798 3041 848 καὶ
3071 798 3381 867 ἱππάρχων,
3422 796 3543 849 οὐδὲ
3576 797 3842 867 χρήματα

2240 883 2682 961 συλλέγων,νούδὲ
2732 887 2873 940 ὅπλα
2900 887 3347 952 κατασκευάζων,
3394 888 3531 942 ἀλλά
3556 890 3654 959 τὴν
3685 887 3841 942 θείαν

2238 976 2544 1029 πανοπλίαν
2589 980 2648 1044 ἐξ
2692 979 2923 1049 οὐρανοῦ
2986 981 3341 1051 καταφέρων.
3399 981 3682 1035 Πανοπλία
3724 981 3839 1053 7&9

2236 1065 2313 1129 ὡς
2363 1067 2581 1139 ἀληθῶς
2626 1070 2875 1141 οὐράνιος
2922 1073 2955 1142 τι,
3008 1070 3128 1124 θεία
3185 1073 3499 1144 προσευχὴ,
3552 1074 3648 1127 καὶ
3696 1075 3841 1145 μόνη

2234 1156 2459 1213 δύναται
2510 1160 2798 1227 φυλάττειν
2827 1161 3062 1231 βεϐαίως
3104 1164 3231 1228 τοὺς
3261 1162 3562 1228 δεδωκότας
3604 1166 3841 1230 ίαυτοὺς

2233 1248 2313 1320 τῷ
2334 1249 2471 1321 Θεῷ.
2505 1252 2617 1323 Τὴν
2640 1252 2740 1323 μὲν
2768 1254 2878 1325 γάρ
2901 1254 3011 1308 τῶν
3026 1254 3262 1309 ὁπλιτῶν
3299 1256 3453 1327 ίσχύν
3478 1272 3535 1309 τε
3558 1258 3653 1309 καὶ
3680 1255 3840 1329 [782}

2234 1342 2567 1414 ἐπιστήμην,
2596 1346 2691 1398 καὶ
2741 1345 2974 1410 τοξοτῶν
3026 1346 3343 1418 ἐμπειρίαν,
3375 1348 3470 1401 καὶ
3518 1347 3839 1418 προδοσίαν,

2235 1432 2496 1499 πολλάκις
2519 1438 2810 1507 ὑποφαίνει
2836 1440 3070 1509 μάταιον
3099 1442 3192 1493 καὶ
3211 1440 3503 1511 βλέμματα
3533 1442 3837 1513 πολεμικά,

2236 1528 2330 1580 καὶ⁷
2373 1527 2685 1583 ἀντιπάλων
2770 1530 3004 1601 εὐψυχία
3024 1530 3077 1597 ἀ,
3123 1532 3221 1586 καὶ
3286 1532 3424 1587 ἄλλα
3480 1533 3651 1586 πολλὰ
3698 1534 3840 1605 πρὸς

2232 1619 2475 1684 τούτοις·
2525 1622 2804 1693 προσευχὴ
2860 1624 2916 1677 δὲ
2968 1623 3180 1695 ἄμαχον
3228 1625 3415 1689 ὅπλον,
3459 1626 3554 1678 καὶ
3592 1624 3843 1695 ἀσφαλὲς

2233 1711 2620 1785 φυλακτήριον,
2673 1716 2875 1785 ὁμοίως
2930 1718 3029 1787 μὲν
3086 1716 3425 1789 στρατιώτην
3471 1718 3588 1781 ἕνα,
3633 1717 3842 1787 ὁμοίως

2231 1804 2288 1857 δὲ
2320 1805 2523 1870 πολλάς
2554 1809 2974 1880 ἀποκρουομένη
3005 1810 3274 1879 μυριάδας
3342 1810 3467 1862 ἐπεὶ
3500 1811 3594 1862 καὶ
3619 1808 3784 1862 Δουῖό
3810 1812 3846 1862 ὁ

2233 1897 2537 1968 θαυμάσιος
2584 1901 2678 1954 τὸν
2724 1902 2921 1957 Γολιάθ
2969 1903 3409 1976 ὲκείνον,ῶσπερ
3451 1905 3687 1976 δαίμονά
3715 1921 3838 1958 τινα

2234 1989 2464 2060 φοὸερὸν
2507 1993 2898 2064 ἐπερχόμενον,
2936 1997 3036 2067 οὐχ
3064 1996 3249 2060 ὅπλοις
3281 1996 3405 2050 οὐδὲ
3448 1995 3687 2067 ξίφεσιν,
3719 1996 3841 2049 ἀλλ’

2232 2081 2419 2154 εὐχαῖς
2475 2085 2831 2155 κατήνεγκεν.
2866 2085 3055 2150 Οὕτως
3106 2086 3326 2158 ἰσχυρὸν
3370 2088 3467 2158 μὲν
3520 2085 3843 2157 βασιλεῦσιν

2233 2175 2292 2227 έν
2321 2175 2522 2245 μάχαις
2574 2177 2740 2231 ὅπλον
2784 2182 2818 2249 ἡ
2865 2179 3163 2251 προσευχὴ,
3216 2181 3435 2250 ἰσχυρὸν
3472 2179 3530 2234 δὲ
3558 2181 3655 2233 καὶ
3705 2182 3843 2251 ἡμῖν

2233 2265 2370 2337 πρὸς
2399 2268 2680 2339 δαίμονας.
2720 2268 2879 2322 υῦτω
2913 2272 3008 2323 καὶ⁵
3036 2274 3063 2323 6
3105 2270 3359 2341 βασιλεὺς
3398 2270 3651 2335 Ἐζεκίας
3680 2287 3845 2341 περιο

2231 2360 2442 2427 γίνεται
2468 2360 2546 2431 τῷ
2602 2361 2824 2433 πολέμῳ
2882 2362 2990 2415 τῶν
3034 2363 3286 2435 Περσῶν,
3319 2365 3580 2435 στρατιὰν
3610 2365 3709 2434 μὲν
3736 2367 3841 2435 οὐχ

2230 2451 2479 2516 ὁπλίσας,
2511 2453 2673 2523 εὐχὰς
2704 2453 2762 2505 δὲ
2813 2453 2982 2523 μόνας
3004 2458 3336 2526 ἀντιστήσεις
3374 2454 3453 2524 τῷ
3492 2455 3691 2525 πλήθει
3727 2456 3841 2508 τῶν

2232 2543 2563 2596 ἀντιπάλων·
2599 2544 2743 2598 οὕτω
2803 2548 2898 2599 καὶ
2955 2548 3185 2599 θάνατον
3243 2548 3491 2619 διέφυγε,
3544 2550 3685 2620 μετά
3738 2551 3840 2622 τῆς

2234 2640 2617 2712 προσηκούσης
2660 2643 2947 2708 εὐλαϐείας
2994 2645 3075 2715 τῷ
3113 2644 3235 2715 Θεῷ
3278 2644 3630 2715 προσπεσὼν,
3667 2645 3765 2699 καὶ
3804 2648 3840 2715 ή

2233 2732 2509 2804 προσευχὴ
2559 2734 2696 2806 μόνη
2745 2736 2979 2790 δέδωκεν
3030 2736 3329 2791 ἀναϐιῶναι
3361 2737 3440 2808 τῷ
3468 2738 3699 2807 βασιλεῖ.
3725 2740 3840 2791 Καὶ

2234 2825 2341 2895 μήν
2369 2842 2433 2893 γε
2461 2826 2543 2879 ὅτι
2566 2829 2746 2898 ψυχὴν
2806 2831 3192 2900 ήμαρτηκυίαν
3225 2833 3260 2902 ή
3297 2831 3576 2901 προσευχὴ
3638 2831 3837 2904 ῥᾳδίως

2231 2918 2617 2989 ἀποκαθαίρει,
2657 2920 2897 2974 διδάσκει
2928 2922 3075 2992 ήμάς
3127 2924 3156 2974 ὀ
3201 2923 3459 2993 τελώνης,
3498 2921 3711 2994 δεηθεὶς
3737 2925 3837 2977 τοῦ

2230 3010 2366 3063 Θεοῦ
2409 3014 2592 3081 τυχεῖν
2638 3014 2909 3082 ἀφέσεως,
2966 3016 3063 3066 καὶ
3104 3013 3313 3086 τυχών·
3352 3015 3593 3071 διδάσκει
3650 3017 3707 3069 δὲ
3740 3022 3839 3072 καὶ

2230 3101 2260 3153 6
2296 3103 2518 3173 λεπρὸς,
2564 3104 2681 3174 ᾶμα
2724 3121 2784 3157 τε
2834 3106 3162 3175 προσπεσὼν
3206 3107 3284 3178 τῷ
3315 3107 3456 3179 Θεῷ,
3506 3111 3599 3162 καὶ
3631 3109 3837 3181 καθαρ-

2231 3193 2347 3256 θεὶς
2398 3194 2621 3257 εὐθέως.
2652 3195 2716 3248 Et
2762 3194 2820 3247 δὲ
2847 3198 3005 3265 σῶμα
3032 3197 3427 3268 διεφθαρμένον
3450 3200 3480 3251 ὁ
3508 3199 3641 3263 Θεὸς
3665 3200 3835 3264 ὀξέως

2233 3288 2442 3352 ίάσατο,
2482 3286 2661 3359 πολλῷ
2696 3288 2894 3358 μᾶλλον
2942 3289 3122 3362 ψυχὴν
3173 3296 3527 3361 νενοσηκυῖαν
3557 3286 3836 3364 θεραπεύο-

2232 3399 2313 3435 σει
2373 3382 2768 3453 φιλανθρώπως
2787 3398 2801 3412 ⁸
2832 3383 2944 3453 ὅσῳ
2977 3384 3085 3455 γὰρ
3114 3385 3412 3457 τιμιωτέρα
3438 3384 3534 3439 τοῦ
3578 3388 3833 3458 σώματος

2228 3478 2263 3545 ή
2293 3475 2464 3546 ψυχὴ,
2499 3474 2739 3544 τοσούτῳ
2773 3475 2976 3545 μᾶλλον
3025 3477 3171 3540 εἰκὸς
3201 3478 3331 3548 περὶ
3364 3479 3574 3552 ταύτην
3605 3480 3835 3536 πλείονα

2231 3571 2470 3639 σπουδήν
2521 3567 2929 3621 ἐπιδείκνυσθαι
2967 3568 3061 3621 τὸν
3106 3568 3260 3622 Θεόν.
3306 3571 3419 3624 Καὶ
3451 3573 3620 3646 μυρία
3653 3575 3719 3628 ἄν
3743 3592 3836 3638 τις

2228 3660 2340 3732 έχοι
2392 3660 2571 3729 λέγειν
2610 3662 2704 3714 καὶ
2746 3660 2953 3713 παλαιά
2983 3660 3076 3715 καὶ
3120 3662 3302 3729 καινά,
3336 3664 3386 3716 εί
3414 3665 3621 3730 πάντας
3652 3667 3833 3740 ἐξαρι-

2228 3755 2482 3824 θμεῖσθαι
2523 3754 2766 3825 βούλοιτο
2803 3755 2930 3820 τούς
2961 3754 3050 3807 διά
3067 3759 3377 3829 προσευχῆς
3424 3759 3829 3830 σεσωσμένους.

2230 3850 2388 3911 Ἴσως
2434 3849 2491 3903 δέ
2516 3865 2602 3912 τις
2645 3848 2751 3902 τῶν
2774 3849 3166 3919 ρᾳθυμοτέρων
3221 3851 3317 3904 καὶ
3375 3852 3475 3905 οὐκ
3532 3853 3834 3909 ἐθελόντων

2226 3944 2505 4014 ἐπιμελῶς
2550 3942 2953 4014 προσεύχεσθαι
3010 3942 3104 3994 καὶ
3165 3941 3491 4005 σπουδαίως,
3532 3944 3715 3997 ἐκεῖνα
3754 3947 3832 3999 τὰ

2225 4041 2448 4110 ῥήματα
2477 4038 2701 4108 φήσειεν
2739 4037 2807 4089 ἂν
2832 4036 3113 4107 εἰρηκέναι
3158 4036 3248 4090 τὸν
3280 4034 3435 4109 Θεὸν,
3463 4035 3540 4100 ώς
3588 4038 3669 4091 Οὐ
3702 4036 3829 4105 ,πᾶς

2223 4137 2257 4186 ὁ
2287 4131 2483 4201 λέγων
2506 4148 2628 4200 μοι,
2667 4131 2867 4199 Κύριε,
2907 4130 3104 4199 Κύριε,
3139 4130 3554 4183 εἰσελεύσεται
3584 4132 3672 4197 εὶς
3706 4131 3830 4199 τὴν

2217 4221 2545 4290 ,βασιλείαν
2580 4221 2701 4279 τῶν
2714 4219 3010 4291 οὐρανῶν,
3032 4220 3170 4275 ἀλλ’
3207 4223 3241 4274 ὀ
3282 4218 3469 4274 ποιῶν
3500 4222 3566 4276 τό
3588 4222 3829 4293 θέλημα

2222 4319 2328 4374 τοῦ
2360 4321 2591 4391 Πατρός
2611 4337 2750 4390 μου,
2779 4319 2887 4373 τοῦ
2924 4318 2995 4372 ἐν
3018 4319 3300 4388 οὐρανοῖς
3320 4337 3333 4351 ο
3362 4319 3474 4388 ἐγὼ
3492 4320 3549 4375 δὲ
3579 4322 3627 4373 εί
3647 4322 3826 4392 μόνην

2220 4414 2472 4487 ἐξαρκεῖν
2503 4414 2638 4484 πρὸς
2665 4413 2763 4483 τὴν
2791 4411 3064 4484 ἡμετέραν
3091 4412 3365 4483 σωτηρίαν
3379 4411 3475 4483 τὴν
3509 4414 3825 4485 προσευχὴν

2220 4509 2488 4576 ἐνόμιζον,
2520 4507 2821 4571 εἰκότωςάν
2835 4523 2921 4570 τις
2949 4504 3157 4574 τούτοις
3186 4506 3452 4577 ἐκέχρητο
3470 4508 3583 4570 τοῖς
3606 4506 3784 4575 λόγοις
3801 4525 3816 4538 ·

2219 4602 2341 4654 ἐπεὶ
2364 4600 2420 4655 δὲ
2450 4599 2745 4668 κεφάλαιον
2771 4593 2910 4651 εἶναι
2929 4596 3151 4665 ἀγαθῶν
3183 4596 3283 4667 τὴν
3313 4597 3628 4669 προσευχήν
3646 4614 3817 4668 φημ.,

2221 4694 2312 4746 καὶ
2341 4692 2580 4764 κρηπῖδα
2618 4692 2714 4769 καὶ
2752 4689 2909 4761 ῥίζαν
2952 4689 3047 4743 τοῦ
3096 4688 3498 4752 λυσιτελοῦντος
3530 4689 3671 4760 βίου,
3709 4707 3820 4761 μη-

2215 4790 2325 4852 δεὶς
2358 4789 2450 4841 ἐπὶ
2502 4787 2776 4858 προφάσει
2805 4784 3077 4857 ῥᾳθυμίας
3111 4783 3339 4847 ὲκείνοις
3378 4782 3664 4855 κεχρήσθω
3696 4789 3815 4845 τοῖς

2215 4881 2413 4948 λόγοις.
2444 4880 2579 4932 Οὐδὲ
2612 4877 2724 4948 γάρ
2780 4875 3104 4948 σωφροσύνη
3152 4877 3286 4947 μόνη
3337 4875 3562 4930 δύναται
3616 4874 3816 4940 σώζειν

2212 4972 2343 5026 ἄνευ
2369 4972 2480 5025 τῶν
2499 4971 2677 5026 ἄλλων
2710 4969 2957 5039 ἀγαθῶν,
2988 4969 3111 5023 οὐδὲ
3140 4968 3364 5039 πρόνοια
3401 4968 3656 5039 πτωχῶν,
3687 4970 3813 5024 οὐδὲ

2211 5068 2541 5139 χρηστότης,
2588 5065 2708 5119 οὐδὲ
2755 5065 2883 5119 ἄλλο
2919 5081 2970 5117 τι
3008 5062 3118 5116 τῶν
3162 5063 3500 5124 σπουδαίων,
3560 5063 3693 5117 ἀλλὰ
3731 5064 3813 5119 δεῖ

2212 5162 2388 5213 πάντα
2423 5160 2749 5231 συνδραμεῖν
2778 5158 2856 5220 εις
2880 5156 3269 5227 τάςήμετέρας
3289 5154 3501 5225 ψδχάς⁸
3529 5158 3807 5229 πρθσευκδ)

2210 5252 2265 5305 δὲ
2310 5250 2499 5322 ῶσπερ
2551 5251 2676 5321 ῥίζα
2722 5247 2817 5303 καὶ
2864 5248 3071 5319 κρηπὶς
3112 5249 3421 5303 ὑπόκειται.
3462 5249 3574 5303 Καὶ
3614 5249 3808 5321 ῶσπερ

2213 5339 2393 5393 πλοῖον
2427 5342 2521 5394 καὶ
2541 5338 2723 5392 οἰκίαν
2778 5337 2847 5389 τὰ
2892 5337 3136 5393 κάτωθεν
3168 5337 3364 5409 ίσχυρά
3390 5340 3537 5391 ποιεῖ
3561 5340 3656 5393 καὶ
3690 5357 3805 5393 συν-

2206 5432 2342 5501 έχει,
2374 5432 2516 5486 οὕτω
2559 5432 2652 5485 τὸν
2700 5430 2969 5503 ήμετέρον
2996 5429 3109 5500 βίον
3139 5433 3196 5485 αἱ
3235 5432 3537 5503 προσευχαὶ
3567 5449 3803 5505 συγκρα-

2204 5522 2415 5576 τοῦσινο
2465 5523 2594 5578 ἄνευ
2628 5522 2686 5574 δὲ
2713 5520 2917 5593 ταύτης
2945 5522 3097 5577 οὐδὲν
3142 5522 3208 5577 ἂν
3237 5526 3369 5594 ἡμῖν
3408 5522 3633 5591 ἀγαθὸν,
3676 5525 3799 5578 οὐδὲ

2205 5618 2468 5686 σωτήριον
2500 5617 2727 5685 γένοιτο.
2763 5617 2863 5669 Διά
2890 5616 3047 5670 τοῦτο
3075 5619 3103 5671 ὁ
3150 5616 3361 5680 Παῦλος
3389 5617 3633 5687 ἔγκειται
3674 5635 3798 5672 συν-

2203 5708 2341 5777 εχῶς
2366 5709 2496 5778 ἡμῖν
2523 5707 2991 5778 διακελευόμενος,
3020 5709 3115 5763 καὶ
3144 5709 3336 5778 λέγων·
3377 5708 3453 5777 Τῇ
3476 5708 3795 5779 προσευχῇ

2202 5799 2715 5869 πίρρσκιιμτειτεῖτε,
2740 5801 3170 5870 ἰχ-ηγίγδοῦντδς
3198 5801 3267 5855 ἐν
3302 5800 3475 5871 αὐτῇ,
3518 5800 3586 5857 ἐν
3614 5804 3793 5873 εὐκα-
