4066 6422
214 413 316 465 771

214 532 316 582 stis
346 525 592 596 quzedam
639 527 710 581 sit
750 525 1040 593 spiritualis
1084 538 1150 578 ac
1184 522 1393 586 divina,
1441 539 1562 590 qum
1603 534 1811 578 mentes

215 630 428 672 nostras
481 633 676 688 magno
732 618 930 673 decore
977 631 1041 672 ac
1100 615 1496 686 pulchritudine
1545 615 1715 671 induit
1759 625 1813 670 et

209 721 465 778 exornat,
511 726 631 776 qua:
673 709 1002 779 singulorum
1029 707 1240 763 vivendi
1285 707 1546 762 rationem
1593 706 1807 774 dirigit,

209 818 330 872 qua:
361 815 467 855 non
513 801 713 870 patitur
738 799 844 853 ulla
885 815 944 854 re
969 800 1058 852 vili
1087 809 1142 854 et
1171 798 1402 853 absurda
1439 809 1674 854 mentem
1715 813 1811 852 oc-

209 895 392 963 cupari
422 909 439 948 :
471 909 591 962 qua:
622 891 928 962 persuadet,
958 901 1014 945 ut
1047 891 1214 945 Deum
1241 905 1307 944 ac
1330 890 1663 962 dignitatem,
1691 905 1811 961 quae

209 990 278 1042 ab
330 989 418 1041 illo
462 987 518 1042 iu
569 1001 668 1041 nos
686 985 980 1061 derivatur,
1017 998 1343 1040 vereamur:
1374 1000 1494 1050 quae
1520 986 1710 1051 docet,
1754 994 1812 1040 ut

208 1093 398 1132 omnes
446 1076 617 1132 hostis
661 1076 893 1146 improbi
943 1077 1240 1145 praestigias
1283 1075 1614 1145 depellamus
1646 1090 1808 1143 :qnze

209 1180 392 1238 turpes
419 1180 472 1224 et
501 1169 748 1239 indignas
790 1171 1144 1239 cogitationes
1185 1168 1350 1236 abigit
1378 1185 1390 1220 :
1420 1184 1539 1236 qua:
1569 1169 1620 1222 in
1653 1170 1806 1221 volu-

210 1264 370 1332 ptatis
399 1263 744 1332 despicientia
771 1262 1008 1315 animum
1049 1260 1308 1330 cujusque
1341 1261 1636 1314 constituit.
1682 1259 1808 1316 llaec

204 1353 350 1408 enim
391 1367 500 1406 una
541 1351 790 1420 superbia
829 1349 984 1405 decet
1031 1365 1147 1416 eos,
1177 1350 1265 1418 qtti
1291 1349 1560 1403 Christum
1590 1349 1803 1416 colunt,

206 1455 264 1499 ut
293 1443 424 1498 nulli
455 1443 772 1511 turpitudini
797 1442 1054 1505 serviant,
1077 1441 1171 1496 sed
1209 1441 1420 1494 animus
1465 1440 1517 1501 in
1558 1441 1806 1497 libertate

204 1534 524 1604 vivendique
550 1535 759 1586 ratione
779 1531 1118 1602 integerrima
1148 1539 1516 1585 conservetur.

277 1625 598 1681 Precationis
626 1623 912 1679 necessitas.
936 1619 1105 1676 Davtd
1131 1636 1221 1675 rea:
1243 1631 1292 1675 et
1307 1626 1554 1693 praplteta
1575 1622 1804 1693 precibus

199 1728 450 1772 armatus.
476 1717 634 1771 —Et
680 1717 795 1769 lleri
836 1713 1052 1784 quidem
1102 1712 1323 1768 omnino
1365 1729 1472 1768 tton
1522 1728 1711 1782 posse,
1745 1723 1802 1769 ut

201 1812 321 1865 sine
369 1809 619 1879 precibus
662 1807 769 1861 vita
816 1821 940 1860 cum
967 1804 1163 1859 virtute
1195 1803 1425 1869 dicatur,
1456 1803 1798 1874 perspicuum

199 1917 322 1956 esse
355 1898 606 1954 omnibus
644 1897 914 1952 existimo.
942 1896 1153 1950 Etenim
1197 1894 1468 1964 quomodo
1488 1895 1608 1965 quis
1628 1895 1795 1949 virtu-

201 2002 309 2046 tem
339 1991 516 2056 colat,
547 1989 636 2059 qui
682 2003 786 2042 non
830 1987 1071 2052 accedat,
1100 2000 1268 2054 seque
1315 1984 1530 2055 abjiciat
1575 1987 1799 2055 supplex

197 2081 416 2134 assidue
439 2081 505 2134 ad
532 2095 677 2144 eum,
702 2079 794 2148 qui
840 2093 959 2132 eam
1005 2076 1306 2145 suppeditat
1352 2085 1512 2146 atque
1538 2077 1798 2147 largitur?

195 2188 303 2242 qua
345 2171 550 2226 ratione
574 2171 692 2240 quis
721 2176 1109 2239 temperantem
1140 2174 1198 2221 et
1228 2165 1433 2236 justum
1465 2182 1524 2221 se
1552 2182 1672 2222 esse
1699 2183 1796 2222 cu-

197 2265 328 2334 piat,
361 2262 454 2332 qui
482 2277 589 2317 uon
637 2258 844 2330 placide
871 2273 993 2313 cum
1025 2258 1115 2311 illo
1139 2265 1415 2322 versetur,
1445 2258 1535 2327 qui
1573 2269 1628 2312 et
1657 2259 1794 2327 hwc,

195 2365 252 2410 et
276 2356 430 2426 plura
461 2353 547 2408 his
573 2369 605 2407 a
634 2347 788 2406 nobis
813 2350 1020 2421 exigit?
1043 2349 1180 2404 Volo
1208 2357 1386 2403 autem
1418 2350 1599 2419 paucis
1619 2358 1800 2404 osten-

196 2448 348 2511 dere,
382 2460 518 2508 nos,
570 2443 813 2513 quamvis
856 2440 1028 2508 culpis
1077 2449 1132 2494 et
1178 2440 1471 2495 sceleribus
1509 2449 1797 2508 coopertos

197 2537 437 2606 precatio
465 2533 849 2603 deprehendat,
877 2530 1020 2585 illico
1048 2539 1224 2584 tamen
1268 2530 1495 2598 expiari.
1520 2529 1637 2586 Jam
1671 2546 1797 2586 vero

196 2627 324 2696 quid
356 2626 660 2695 precatione
685 2622 857 2690 majus
885 2621 968 2675 vel
993 2620 1224 2674 divinius
1265 2620 1361 2683 sit,
1384 2619 1598 2698 quando
1621 2621 1796 2676 medi-

196 2719 373 2772 cinam
393 2714 702 2786 quamdam,
733 2711 1085 2781 expultricem
1113 2710 1487 2780 aagritudinum
1519 2724 1638 2764 esse
1664 2728 1796 2769 con-

195 2817 300 2862 stat
323 2807 408 2869 iis,
436 2805 530 2876 qui
559 2803 762 2858 morbis
799 2802 976 2858 animi
1012 2799 1420 2855 conﬂictantur?
1443 2799 1638 2859 Notum
1673 2814 1755 2859 cst
1776 2846 1792 2871 ,

195 2897 458 2953 Ninivitas
483 2894 685 2968 primos
704 2908 732 2946 a
753 2891 998 2964 plurimis
1028 2905 1123 2960 per
1140 2891 1502 2960 precationem
1516 2893 1727 2949 delictis
1742 2905 1798 2951 et

195 2986 488 3044 sceleribus
504 2985 757 3041 liberatos
772 2983 918 3052 (Jan.
934 2980 1016 3056 5,)
1029 2981 1218 3041 Statim
1237 2984 1379 3038 enim
1397 2994 1452 3038 ut
1469 2984 1587 3040 illos
1604 2984 1798 3054 depre-

195 3081 336 3139 catio
360 3081 641 3151 occupavit
662 3122 680 3144 ,
701 3080 925 3149 iustitia:
970 3079 1256 3148 participes
1285 3075 1482 3141 eﬂ‘ecit,
1509 3087 1564 3131 et
1602 3079 1794 3132 civita-

199 3186 383 3240 tatem,
412 3190 531 3245 quae
557 3188 680 3228 cum
730 3170 1160 3240 intemperantia,
1193 3169 1449 3240 nequitia,
1471 3170 1795 3240 vivendique

197 3267 407 3322 ratione
433 3266 631 3320 nefaria
658 3264 857 3333 degere
879 3271 1251 3325 consueverat,
1265 3261 1514 3316 celeriter
1533 3263 1790 3327 correxit,

195 3360 362 3414 veteri
382 3355 767 3412 consuetudine
797 3352 914 3424 plus
943 3353 1150 3415 valens,
1175 3353 1478 3407 celestibus
1520 3353 1792 3408 civitatem

197 3449 404 3520 legibus
448 3447 704 3516 explens,
740 3445 1180 3514 temperantiam,
1223 3443 1637 3513 benignitatem,
1679 3446 1793 3500 cle-

196 3540 451 3594 mentiam
473 3579 490 3602 ,
526 3538 953 3606 procurationem
1004 3549 1295 3604 pauperum
1349 3551 1533 3591 secum
1563 3536 1788 3592 ducens.

193 3631 324 3687 Sine
351 3631 434 3684 bis
462 3631 607 3685 enim
646 3630 879 3683 animam
924 3629 1160 3682 incolere
1211 3643 1316 3682 non
1351 3639 1558 3698 potest;
1604 3646 1790 3685 verum

192 3726 246 3776 in
299 3735 690 3792 quamcumque
736 3727 973 3774 mentem
1030 3719 1429 3790 commigrarit,
1477 3721 1625 3775 onmi
1670 3738 1788 3776 eam

195 3816 462 3885 probitate
489 3812 761 3879 cumulat,
783 3811 851 3866 ad
899 3813 1148 3866 virtutem
1193 3811 1465 3878 informat,
1499 3795 1791 3884 nequitiam

195 3906 363 3974 pellit.
391 3904 458 3958 Et
492 3919 624 3958 sane
660 3905 705 3958 si
746 3903 867 3973 quis
907 3913 1033 3957 tunc
1057 3896 1286 3958 Niniven
1317 3905 1589 3973 ingressus
1619 3918 1786 3970 esset,

191 3997 286 4064 qui
321 3994 469 4048 illam
498 4003 657 4048 antea
686 3995 850 4063 probe
881 4004 1083 4058 nosset,
1114 3993 1382 4048 civitatem
1409 3993 1651 4063 profecto
1681 4013 1796 4052 nun

189 4088 498 4158 agnovisset
529 4104 545 4140 :
576 4088 645 4140 ita
689 4094 914 4156 repente
941 4103 972 4140 a
1000 4087 1270 4155 nequiore
1299 4088 1407 4140 vita
1437 4087 1504 4140 ad
1531 4089 1786 4157 pietatem

191 4177 500 4232 transilivit.
529 4177 599 4233 Ut
637 4179 781 4232 enim
815 4177 1066 4232 feminam
1107 4178 1321 4247 inopem
1349 4193 1412 4232 ac
1446 4193 1743 4246 pannosam
1769 4220 1785 4248 ,

190 4271 370 4325 aureis
408 4279 591 4338 postea
623 4269 954 4324 vestimentis
983 4278 1295 4322 exornatam
1327 4269 1371 4323 si
1401 4271 1523 4338 quis
1561 4285 1789 4340 aspexe-

190 4367 294 4426 rit,
350 4359 714 4441 mulierculam
767 4379 872 4417 non
935 4370 1235 4432 agnoscat:
1267 4363 1338 4416 ita
1386 4363 1478 4431 qui
1515 4363 1786 4418 civitatem

190 4459 336 4511 illam
368 4465 522 4510 antea
551 4455 774 4511 vidisset
801 4465 1046 4526 egentem
1074 4469 1138 4509 ac
1164 4455 1534 4524 spiritualibus
1554 4456 1785 4512 destitu-

189 4560 298 4602 tam
352 4548 654 4614 thesauris,
704 4549 1003 4617 ignorasset
1051 4548 1271 4601 omnino
1305 4586 1319 4612 ,
1351 4562 1598 4616 quaenam
1640 4559 1787 4604 esset

186 4643 397 4705 civitas,
424 4657 584 4712 quam
611 4643 679 4696 ita
711 4642 946 4711 precatio
971 4652 1301 4696 commutare
1327 4652 1382 4697 et
1424 4643 1565 4708 illius
1607 4660 1785 4698 mores

187 4733 506 4804 vivendique
578 4736 838 4791 rationem
909 4735 977 4789 ad
1034 4737 1286 4791 virtutem
1353 4737 1649 4792 traducere‘
1691 4754 1786 4806 po-

188 4829 396 4881 tuisset.
453 4826 522 4880 Et
573 4842 701 4880 vero
758 4827 953 4880 mulier
993 4827 1262 4895 quzedam,
1313 4842 1435 4896 qua:
1481 4828 1532 4880 in
1590 4829 1780 4882 intem-

189 4919 427 4987 perantia
455 4927 510 4972 et
549 4919 854 4973 meretricio
883 4929 1089 4987 quaestu
1131 4932 1346 4972 omnem
1372 4927 1629 4973 anteactae
1660 4920 1784 4973 vita:

186 5025 406 5064 cursum
465 5007 796 5074 confecerat,
826 5009 982 5062 simul
1017 5017 1176 5078 atque
1212 5022 1282 5062 se
1321 5008 1387 5061 ad
1434 5007 1631 5062 Christi
1691 5025 1784 5078 ρε-

185 5102 282 5155 des
332 5101 559 5170 ahjccit,
601 5101 829 5156 salutem
873 5111 1198 5170 consequuta
1249 5110 1331 5155 est
1362 5099 1382 5173 (
1413 5099 1538 5154 Luc.
1588 5103 1639 5154 7.
1690 5103 1778 5156 57.

185 5209 288 5265 sqq.
309 5192 353 5263 ).
380 5193 536 5261 Atqui
569 5208 674 5248 non
705 5193 866 5248 modo
889 5192 1174 5246 criminum
1221 5194 1406 5262 culpas
1437 5208 1502 5248 ac
1547 5195 1782 5248 maculas

187 5284 353 5349 delet,
380 5284 475 5339 sed
529 5299 718 5354 magna
765 5284 926 5338 etiam
982 5285 1218 5353 pericula
1268 5284 1498 5353 repellit.
1529 5283 1643 5338 Rex
1693 5285 1781 5340 ille

183 5376 342 5430 simul
369 5390 433 5430 ac
461 5384 608 5431 vates
627 5375 958 5431 admirabilis
988 5376 1150 5430 David
1180 5377 1332 5446 plura
1361 5387 1414 5431 et
1430 5379 1609 5448 gravia
1641 5377 1778 5432 bella

187 5468 493 5537 precatione
514 5467 844 5539 proﬂigavit,
873 5468 957 5524 his
1004 5469 1125 5523 telis
1169 5469 1446 5524 dumtaxat
1476 5471 1776 5525 exercitum

187 5559 565 5626 prazmuniens,
591 5568 646 5613 et
670 5557 943 5624 efliciens,
976 5569 1032 5612 ut
1060 5574 1157 5628 per
1175 5559 1410 5627 quietem
1437 5568 1492 5613 et
1517 5560 1778 5614 securita-

186 5661 292 5704 tem
316 5649 398 5704 sui
424 5651 621 5706 milites
648 5649 870 5706 victoria
902 5652 1221 5721 potirentur.
1255 5649 1388 5705 Nam
1429 5650 1516 5704 alii
1562 5650 1774 5718 quidem

187 5759 339 5815 reges
361 5743 413 5799 in
435 5741 630 5798 ducum
657 5745 983 5814 experientia
1001 5751 1056 5796 et
1079 5752 1216 5802 arte,
1252 5743 1302 5794 in
1347 5743 1656 5809 sagittariis,
1687 5758 1776 5810 pe-

185 5836 401 5903 ditibus,
422 5846 479 5892 et
518 5835 783 5907 equitibus
824 5849 972 5904 spem
1003 5833 1188 5887 salutis
1222 5833 1487 5890 habebant
1521 5851 1532 5885 ;
1561 5844 1616 5887 at
1657 5849 1768 5888 ma-

1504 407 1594 462 DE
1634 407 2090 465 l’llECA'flUNE.
2131 407 2172 466 1.

3421 419 3523 472 7⁸18

1918 538 2057 592 guns
2111 523 2279 580 David
2319 525 2522 580 sanctis
2575 525 2824 595 precibus
2854 529 3178 584 exercitum
3223 531 3518 598 muniebat,

1920 629 2026 668 non
2075 613 2292 679 ducum,
2320 617 2714 681 centurionum,
2748 616 3122 687 praafeetorum
3152 621 3391 690 equitum
3421 638 3514 677 su-

1918 705 2136 773 percilia
2179 706 2518 773 intuebatur,
2572 723 2683 762 non
2730 711 2986 778 pecunias
3032 711 3354 782 colligebat,
3413 730 3520 769 non

1915 808 2064 847 arma
2092 797 2476 866 comparabat;
2507 798 2602 853 sed
2648 814 2680 853 e
2718 799 3060 854 czeledivina
3112 800 3200 856 illa
3245 819 3518 859 armorum

1914 903 2113 956 genera
2160 890 2408 946 universa
2443 890 2694 946 ducebat.
2723 892 2931 948 Cuncta
2973 895 3116 948 enim
3166 911 3226 950 re
3255 912 3378 950 vera
3410 915 3515 951 cat:-

1915 979 2130 1034 lestium
2173 996 2445 1036 armorum
2496 997 2696 1054 genera
2723 984 2919 1042 divinis
2953 987 3201 1056 precibus
3228 993 3516 1045 COItlillell-

1918 1078 2035 1136 tur;
2068 1085 2190 1140 qua:
2220 1071 2299 1126 vel
2329 1069 2459 1128 sola:
2492 1084 2718 1142 possunt
2750 1089 2846 1130 eos
2874 1078 3029 1142 tueri,
3057 1078 3150 1146 qui
3179 1094 3240 1134 se
3271 1080 3383 1134 Deo
3408 1089 3518 1135 tra-

1913 1159 2186 1216 diderunt.
2216 1161 2350 1217 Nam
2399 1163 2641 1233 peditum
2691 1166 2910 1236 quidem
2957 1171 3122 1223 robur
3165 1181 3325 1242 atque
3370 1175 3516 1242 pet-i-

1915 1252 2040 1306 tiam
2059 1293 2076 1316 ,
2108 1256 2507 1325 sagittariorum
2535 1258 2948 1328 experientiam,
2978 1260 3031 1314 in
3054 1262 3333 1332 prodendo
3360 1264 3514 1321 hoste

1910 1344 2256 1401 calliditatem
2284 1363 2428 1418 saepe
2453 1348 2539 1404 vel
2569 1350 2780 1405 hostilis
2804 1355 3045 1418 obtutus,
3076 1363 3234 1424 atque
3259 1355 3514 1412 adversa-

1911 1439 2113 1492 riorum
2139 1440 2352 1513 animus
2379 1440 2420 1506 ⁸,
2451 1441 2665 1512 aliaque
2707 1443 2871 1497 multa
2912 1444 3126 1499 inanem
3166 1447 3430 1515 reddunt;
3459 1461 3515 1504 at

1911 1530 2148 1597 precatio
2171 1530 2332 1584 telum
2361 1541 2446 1586 est
2465 1533 2853 1601 insuperabile,
2877 1544 3157 1606 tutumque
3179 1539 3509 1607 pra'sidium,

1907 1620 2052 1688 quod
2091 1635 2245 1691 teque
2285 1621 2510 1676 militem
2538 1638 2726 1691 unum,
2754 1639 2819 1679 ac
2855 1625 3022 1680 multa
3053 1627 3218 1682 millia
3246 1630 3511 1701 profligat.

1908 1711 2038 1766 Nam
2067 1722 2120 1767 et
2139 1713 2473 1768 admirabilis
2495 1715 2660 1770 David
2682 1715 2961 1773 Goliadem
2985 1719 3156 1784 illum,
3182 1732 3238 1773 ut
3267 1732 3514 1778 metuen-

1905 1803 2031 1857 dutn
2055 1805 2341 1874 quemdam
2371 1805 2675 1862 dzemonem
2705 1808 3022 1876 irruentem,
3053 1827 3159 1865 nun
3187 1815 3374 1880 armis,
3404 1831 3512 1869 non

1903 1895 2116 1965 gladiis,
2144 1895 2241 1950 sed
2267 1899 2572 1965 precatione
2596 1898 2793 1969 deiecit
2821 1899 2898 1974 (ι.
2924 1900 3055 1973 Reg.
3090 1905 3203 1972 l7).
3238 1903 3311 1958 lta
3343 1906 3510 1961 telum

1905 1997 1989 2039 est
2027 1987 2350 2042 acerrimum
2395 2001 2452 2044 et
2491 1989 2707 2061 regibus
2755 1992 2809 2046 iu
2855 1990 3054 2062 pri-liis
3095 1995 3425 2065 deprecatio,
3458 2007 3514 2053 et

1906 2076 2060 2129 nobis
2085 2076 2151 2129 ad
2178 2077 2484 2133 da-monum
2510 2081 2765 2149 impetum
2786 2084 3228 2152 propulsandum.
3257 2085 3329 2141 Ita
3346 2089 3508 2144 etiam

1905 2182 2000 2220 rex
2049 2167 2306 2250 Ezechias
2344 2170 2514 2225 victor
2568 2179 2611 2226 e‘
2633 2171 2920 2228 Persarum
2958 2175 3102 2230 bello
3152 2175 3400 2233 discessit
3431 2181 3507 2248 (4.

1904 2257 2034 2328 Reg.
2069 2259 2185 2330 l9),
2221 2276 2329 2315 non
2372 2262 2492 2316 acie
2549 2263 2841 2332 instructa,
2895 2266 2991 2320 sed
3035 2282 3140 2322 una
3198 2272 3510 2339 precatione

1903 2347 2138 2402 hostium
2168 2350 2341 2420 copiis
2361 2352 2607 2421 opposita
2634 2369 2650 2406 :
2679 2353 2821 2410 idem
2863 2355 2966 2411 hac
2991 2372 3096 2411 una
3123 2360 3333 2416 ratione
3363 2377 3512 2417 mor-

1905 2447 2012 2494 tem
2042 2442 2282 2508 evitavit,
2315 2443 2482 2498 Deum
2507 2461 2744 2516 congrua
2771 2448 2969 2516 pietate
2999 2462 3306 2516 veneratus;
3345 2465 3509 2522 atque

1904 2531 1976 2586 ita
2009 2549 2110 2587 una
2158 2539 2397 2605 precatio
2447 2555 2628 2608 regem
2683 2545 2808 2598 vitae
2856 2546 3088 2600 restituit
3120 2546 3272 2616 (lsai.
3298 2550 3414 2619 57).
3440 2551 3510 2605 Et

1902 2638 2031 2677 sane
2058 2626 2293 2681 animum
2319 2633 2557 2700 peccatis
2582 2629 2916 2703 iuquiuafum
2954 2636 3105 2692 facile
3135 2640 3383 2707 precibus
3413 2657 3507 2695 ex-

1904 2716 2059 2785 piari,
2093 2718 2243 2774 testis
2295 2733 2378 2775 est
2423 2723 2759 2793 publicanus,
2787 2726 3026 2795 quicum
3058 2743 3087 2780 a
3134 2729 3244 2782 Deo
3290 2735 3503 2787 veniam

1903 2818 2154 2874 precatus
2199 2822 2362 2875 esset,
2393 2814 2502 2866 voti
2540 2829 2764 2884 compos
2795 2816 3042 2870 discessit
3075 2817 3225 2890 (Luc.
3259 2821 3346 2875 18.
3379 2823 3504 2893 15);

1903 2901 2058 2954 testis
2085 2902 2349 2970 leprosus,
2372 2907 2462 2975 qui
2492 2907 2652 2961 simul
2697 2916 2861 2979 atque
2899 2925 2960 2965 se
2988 2911 3057 2965 ad
3087 2912 3180 2967 Dei
3213 2913 3379 2982 pedes
3403 2917 3504 2971 ab-

1897 2994 2048 3063 jecit,
2083 2995 2224 3050 illico
2245 3007 2463 3051 curatus
2488 3007 2570 3053 est
2599 2997 2620 3060 (
2645 2999 2844 3056 Matth.
2910 3005 2964 3059 8.
3034 3005 3101 3058 2.
3135 3001 3179 3075 ).
3201 3006 3358 3071 Quod
3396 3009 3441 3061 si
3471 3023 3502 3062 a

1901 3101 2130 3156 corpore
2159 3087 2299 3142 Deus
2326 3089 2512 3144 vitiato
2539 3100 2702 3160 atque
2723 3103 2978 3162 corrupto
3021 3095 3270 3149 morbum
3325 3098 3502 3152 celer-

1903 3177 2039 3233 rinte
2060 3178 2302 3249 depulit,
2331 3181 2504 3236 multo
2533 3181 2703 3252 magis
2723 3183 2907 3238 animo
2939 3186 3083 3240 vitiis
3114 3187 3312 3243 infecto
3342 3205 3500 3246 cura-

1903 3269 2104 3323 tionctn
2147 3270 2455 3325 humaniter
2490 3271 2770 3326 adhibebit
2801 3290 2816 3327 :
2850 3290 2974 3327 nam
3015 3290 3125 3346 quo
3166 3280 3505 3348 ριωειεηιίοιν

1899 3372 1981 3416 est
2006 3363 2218 3418 animus
2265 3378 2528 3433 corpore,
2571 3379 2639 3420 eo
2685 3367 2855 3436 magis
2892 3382 2988 3435 par
3015 3379 3100 3423 est
3143 3371 3418 3427 ardentius
3471 3390 3501 3426 a

1904 3454 2013 3508 Deo
2043 3456 2093 3508 in
2125 3456 2220 3510 illo
2246 3457 2482 3511 studiqu
2513 3457 2786 3512 collocari.
2822 3459 2888 3513 Et
2913 3474 3046 3514 sane
3072 3475 3324 3518 sexcenta
3350 3466 3501 3534 quis-

1901 3547 2041 3616 piam
2070 3562 2191 3603 cum
2220 3560 2400 3603 vetera
2421 3589 2435 3614 ,
2466 3558 2574 3602 tum
2629 3566 2766 3603 nova
2798 3551 3042 3618 proferre
3092 3557 3264 3624 possit
3314 3570 3503 3611 exem-

1899 3641 2006 3710 pla,
2038 3642 2082 3695 si
2135 3643 2328 3711 quibus
2375 3658 2561 3711 preces
2601 3644 2758 3697 saluti
2803 3644 3036 3710 fuerunt,
3066 3662 3390 3704 enumerare
3418 3665 3502 3704 ro-

1898 3733 2059 3789 luerit
2088 3734 2387 3789 universos.
2411 3737 2481 3789 At
2520 3735 2746 3791 fortasse
2766 3737 3031 3807 quispiam
3066 3752 3100 3792 e
3136 3740 3496 3809 segnioribus,

1896 3835 1952 3880 et
1982 3827 2046 3881 iis
2072 3826 2161 3896 qui
2190 3835 2438 3880 accurate
2463 3841 2528 3882 ac
2551 3827 2792 3882 studiose
2821 3829 3026 3896 precari
3069 3830 3243 3883 nolint
3260 3870 3276 3894 ,
3303 3831 3501 3886 dixerit

1897 3917 1989 3970 illa
2021 3917 2184 3972 verba
2217 3917 2382 3972 Deum
2412 3917 2612 3972 idcirco
2636 3933 2756 3972 esse
2777 3920 3181 3989 proloquntum,
3210 3917 3457 3975 videlicet
3482 3939 3495 3975 :

1898 4010 2021 4065 Non
2057 4011 2222 4064 omnis
2242 4049 2258 4076 ,
2282 4011 2368 4080 qui
2393 4011 2515 4064 dicit
2541 4011 2668 4064 milii
2687 4052 2702 4077 ,
2732 4009 2950 4064 Domine
2969 4053 2984 4078 ,
3013 4010 3261 4077 Domine,
3288 4013 3498 4067 intrabit

1896 4103 1949 4156 in
1977 4119 2186 4174 regnum
2229 4104 2493 4166 crebrum,
2525 4102 2615 4156 sed
2642 4103 2728 4173 qui
2767 4105 2942 4174 fecerit
2981 4103 3288 4157 voluntatem
3322 4102 3498 4157 Patris

1896 4197 2014 4261 mei,
2042 4197 2126 4266 qui
2147 4205 2219 4250 est
2238 4197 2292 4249 in
2320 4196 2458 4250 ca'lis
2484 4193 2698 4268 (Matth.
2721 4197 2772 4248 7.
2799 4193 2893 4266 21)
2929 4214 2942 4247 :
2969 4211 3070 4267 ego
3096 4211 3224 4250 vero
3251 4195 3296 4249 si
3322 4198 3492 4250 solam

1895 4290 2260 4361 precationem
2285 4289 2350 4342 ad
2381 4303 2620 4343 noswam
2651 4289 2878 4343 salutem
2905 4289 3036 4343 satis
3063 4303 3187 4343 esse
3205 4286 3455 4358 putarem
3476 4330 3494 4354 ,

1894 4383 2087 4436 merito
2114 4382 2230 4437 haec
2255 4383 2413 4452 objici
2444 4383 2678 4437 dicerem
2715 4398 2731 4436 :
2776 4382 3029 4452 quoniam
3068 4397 3198 4437 vero
3227 4381 3494 4436 bonorum

1892 4474 2134 4528 omnium
2164 4483 2325 4542 caput
2349 4473 2712 4542 precationem
2739 4488 2861 4528 esse
2895 4473 3181 4540 conﬁrmo,
3213 4484 3374 4545 atque
3404 4489 3493 4530 ra-

1893 4566 2056 4619 tionis
2087 4565 2314 4620 honeste
2349 4565 2792 4633 laudabihterque
2835 4565 3046 4619 vivendi
3087 4565 3492 4621 fundamentum

1890 4668 2050 4726 atque
2095 4655 2366 4722 radicem,
2398 4669 2555 4709 neruo
2594 4655 2661 4709 ad
2700 4656 3098 4709 excusationem
3136 4657 3345 4710 inertia:
3391 4657 3494 4711 illis

1892 4750 2072 4803 verbis
2087 4749 2356 4804 abutatur.
2374 4747 2556 4818 Neque
2584 4749 2726 4802 enim
2759 4764 2916 4802 unam
2942 4747 3348 4817 temperantiam
3375 4750 3490 4804 sine

1891 4843 2013 4897 aliis
2043 4842 2220 4908 bonis,
2253 4858 2358 4896 non
2389 4858 2547 4896 unam
2583 4858 2874 4911 pauperum
2918 4842 3308 4912 providentiam
3331 4884 3346 4910 ,
3384 4859 3489 4896 nun

1892 4935 2292 5005 benignitatem,
2321 4949 2428 4989 non
2473 4934 2616 4988 aliud
2663 4935 2935 5004 quidpiam
2974 4950 3042 4990 ex
3087 4935 3153 4988 iis
3199 4950 3322 5005 quae
3364 4946 3491 4990 sunt

1888 5045 2011 5084 cum
2049 5032 2329 5084 honestate
2356 5028 2678 5096 conjuncta;
2706 5028 2798 5081 sed
2830 5029 3009 5082 omnia
3058 5042 3164 5081 uno
3191 5028 3491 5098 eodemque

1887 5136 2153 5177 concursu
2182 5129 2396 5192 oportet
2419 5121 2471 5174 in
2498 5121 2710 5174 animos
2749 5130 2964 5175 nostros
2993 5118 3216 5174 inﬂuere
3247 5135 3262 5174 :
3301 5134 3488 5175 verum

1891 5215 2126 5285 precatio
2143 5225 2414 5284 tamquam
2440 5212 2590 5266 radix
2613 5211 2894 5281 subjicitur
2911 5221 2969 5265 et
2989 5210 3492 5265 fundamentum.Et

1888 5307 2341 5377 quemadmodum
2375 5305 2644 5374 navigium
2679 5319 2742 5358 ac
2765 5303 2959 5357 domus
2994 5301 3339 5356 inferioribus
3370 5319 3492 5372 par-

1888 5403 2030 5456 tibus
2077 5400 2323 5454 firmatur
2360 5407 2415 5453 et
2459 5396 2800 5452 conStatzita
2829 5395 3077 5464 precibus
3120 5395 3246 5448 vine
3289 5403 3489 5448 nostrae

1887 5492 2025 5548 ratio
2053 5491 2381 5556 continetur,
2413 5490 2534 5544 sine
2557 5489 2754 5558 quibus
2775 5487 2904 5542 nihil
2937 5486 3091 5540 nobis
3121 5485 3242 5539 boni
3271 5487 3484 5538 contin-

1883 5593 1995 5655 gat,
2033 5582 2164 5637 nihil
2204 5583 2460 5636 salulare.
2491 5580 2781 5649 PrOpterea
2833 5593 2930 5634 nos
2963 5578 3161 5634 Paulus
3208 5587 3359 5648 urget
3405 5574 3495 5629 his

1885 5677 2067 5733 verbis
2099 5693 2112 5728 :
2149 5675 2386 5730 Orationi
2416 5674 2617 5741 instate,
2641 5673 2905 5744 vigilantes
2931 5673 2982 5728 in
3009 5689 3089 5738 ea,
3120 5671 3174 5725 in
3199 5671 3481 5745 gratim-wn

1952 5841 1966 5872 ι
2004 5835 2156 5897 (Zolh.,
2172 5833 2396 5897 felicitas.
