4066 6430
614 386 721 442 779

612 505 812 557 actions
854 500 1070 569 (Colca.
1124 499 1191 568 4.,
1223 498 1315 566 2);
1345 507 1398 550 et
1439 496 1561 552 alibi
1594 513 1607 548 :
1655 492 1779 548 Sine
1820 489 2191 545 intermissione

610 601 751 645 orate
773 631 787 653 ,
838 589 1040 659 inquit,
1070 590 1126 642 in
1165 589 1395 641 omnibus
1423 587 1612 657 gratias
1640 585 1805 655 agite,
1843 586 1937 637 hoc
1960 583 2094 636 enim
2119 588 2191 635 est

611 682 843 734 uoluntas
886 678 981 733 Dei
1009 679 1086 745 (1.
1122 676 1299 731 Thess.
1322 678 1375 731 5.
1407 675 1597 743 17.18)
1623 692 1638 738 ;
1665 683 1721 729 et
1770 674 1900 728 alibi
1956 687 2140 728 rursus
2170 689 2186 726 :

613 766 770 821 Orate
789 768 925 825 omni
956 779 1175 834 tempore
1199 766 1252 818 in
1290 765 1490 835 spiritu,
1514 775 1559 817 et
1588 765 1640 819 in
1674 764 1786 831 ipso
1830 761 2091 832 vigilantes
2133 761 2188 814 in

613 858 752 911 omni
797 858 1038 911 instantia
1062 894 1079 920 ,
1128 865 1175 910 et
1216 856 1557 909 obsecratione
1584 852 1799 925 (Ephes.
1830 855 1884 909 6.
1933 852 2045 924 18).
2098 853 2189 910 Sic

611 947 855 1016 plurimis
898 946 1203 1013 ditinisque
1242 946 1460 1000 vocibus
1497 944 1563 998 ad
1606 958 1789 1013 preces
1830 958 1928 999 nos
1974 958 2180 1012 semper

609 1038 717 1092 dua
757 1038 1121 1107 apostolorum
1166 1038 1496 1091 cohortatur.
1538 1036 1713 1103 Quare
1765 1036 1955 1101 nobis,
1980 1035 2072 1104 qui
2118 1035 2188 1091 ab

606 1128 700 1183 illo
720 1128 1072 1193 ,instituimur,
1104 1128 1207 1181 vita
1235 1137 1317 1181 est
1354 1127 1408 1181 in
1437 1128 1681 1197 precibus
1707 1126 2064 1193 traducenda,
2094 1126 2190 1180 iis-

602 1234 708 1288 que
766 1233 918 1271 mens
963 1227 1226 1287 perpetuo
1274 1219 1538 1287 irriganda
1572 1237 1585 1271 :
1614 1232 1719 1273 non
1775 1219 1917 1273 enim
1965 1218 2182 1285 minus,

600 1324 761 1375 quam
805 1309 1025 1362 arbores
1059 1311 1244 1377 aquis,
1283 1308 1390 1362 illis
1427 1323 1525 1362 nos
1574 1309 1872 1378 indigem‘us
1926 1310 2181 1364 universi.

602 1398 735 1453 Nam
764 1415 936 1469 neque
963 1400 1067 1453 ilhc
1093 1408 1316 1468 possunt
1350 1414 1470 1453 esse
1496 1398 1783 1453 fructuosae
1803 1439 1817 1460 ,
1848 1399 1945 1453 nisi
1992 1399 2184 1454 Immo-

602 1504 716 1541 rem
740 1488 1005 1544 radicibus
1025 1489 1275 1553 ebibant;
1304 1504 1477 1558 neque
1508 1505 1603 1543 nos
1632 1490 2041 1558 pretiosissimas
2071 1491 2182 1559 pie-

601 1583 725 1635 tatis
759 1583 934 1648 fruges
966 1581 1205 1645 fundere,
1238 1581 1337 1635 nisi
1366 1582 1614 1650 precibus
1648 1583 1947 1652 irrigemur.
1979 1583 2182 1649 Quam-

598 1672 781 1723 obrcm
824 1680 877 1724 et
934 1685 1054 1724 cum
1090 1672 1287 1725 leetulo
1313 1673 1600 1740 surgimus,
1628 1681 1963 1727 antevenere
2012 1675 2179 1727 solem

597 1770 809 1827 Oportet
862 1761 953 1815 Dei
981 1762 1158 1824 cultu,
1191 1772 1247 1816 et
1308 1778 1426 1817 cum
1473 1779 1671 1818 mensa:
1716 1765 2100 1831 accumbimus,
2129 1774 2182 1819 et

595 1866 718 1905 cum
745 1853 917 1905 somni
944 1865 1101 1906 causa
1125 1854 1382 1908 cubamus
1415 1872 1428 1907 :
1460 1857 1567 1908 imo
1611 1872 1737 1910 vero
1778 1857 1999 1925 singulis
2032 1858 2179 1911 horis

602 1944 836 2009 precatio
863 1952 945 1997 est
968 1943 1031 1996 ad
1060 1943 1220 1996 Deum
1244 1944 1566 2010 adhibenda,
1592 1957 1643 2000 et
1672 1948 1722 1999 in
1763 1962 1824 2001 ea
1852 1948 1956 2002 diei
1983 1962 2179 2002 cursus

593 2033 994 2098 conliciendus;
1025 2035 1249 2090 hiberno
1282 2052 1409 2089 vero
1436 2046 1675 2105 tempore
1699 2038 1976 2105 plurimam
2008 2042 2179 2094 noctis

594 2134 796 2191 partem
847 2126 896 2179 in
940 2128 1187 2195 precibus
1235 2128 1600 2193 traducamus,
1635 2142 1685 2185 et
1736 2146 1929 2199 magno
1957 2147 2076 2185 cum
2110 2134 2177 2186 ti-

599 2228 745 2266 more
774 2230 946 2282 genua
978 2216 1274 2282 flectentes,
1306 2220 1594 2287 precatimai
1626 2236 1841 2289 operam
1872 2222 2090 2287 demus,
2115 2239 2177 2278 ac

596 2305 921 2361 beatitudine
951 2323 1047 2363 nos
1070 2310 1165 2377 ipsi
1197 2310 1385 2378 dignos
1418 2311 1580 2364 Deum
1605 2312 1832 2365 colendo
1861 2314 2169 2368 reddamus.

1723 2462 3428 2486 —___————____..._____________

1321 383 1380 438 S.
1414 380 1689 438 JOANNIS
1724 375 2102 434 CHRYSOST.
2144 374 2466 430 Αιιειιιιᾳι».
2498 374 3031 431 CONSTANTINOI‘.

3766 385 3869 436 τδιι

2304 490 2415 559 Age
2437 504 2563 544 vero
2602 505 2709 560 quo
2743 489 2903 545 modo
2928 491 3094 545 solem
3142 494 3387 563 aspicies,
3420 512 3525 551 non
3564 497 3711 555 illum
3756 517 3885 559 ante

2300 590 2617 645 veneratus,
2650 582 2737 650 qui
2790 583 2958 637 oculis
2989 584 3092 639 tuis
3140 584 3311 640 lucem
3348 589 3475 643 solis
3514 589 3883 647 dulcissimam

2304 671 2504 740 profert
2524 672 2549 725 7
2572 686 2799 741 quanam
2831 674 3034 730 ratione
3061 691 3244 731 mensa
3269 678 3469 746 perfrui
3495 682 3739 748 audebis,
3774 700 3882 739 non

2299 771 2424 816 ante
2451 773 2739 817 veneratus
2762 774 3028 818 tantorum
3059 766 3320 823 bonorum
3357 768 3557 826 fontem
3599 781 3655 826 et
3696 785 3887 830 aucto.

2298 868 2411 906 rem
2434 854 2458 905 ?
2481 869 2585 923 qua
2612 869 2707 922 spe
2732 855 2800 909 ad
2832 865 3070 926 tempora
3120 869 3376 913 nocturna
3409 864 3690 932 pervenies
3711 866 3736 918 ἲ
3761 883 3887 935 qua:

2298 945 2389 1000 tibi
2418 945 2532 999 visa
2559 945 2850 1001 secundum
2893 948 3129 1016 quietem
3162 951 3429 1017 obiectum
3457 954 3521 1007 iri
3550 957 3840 1025 suspicaris
3866 999 3883 1022 ,

2297 1037 2339 1089 si
2372 1038 2531 1114 nullis
2558 1039 2805 1106 precibus
2833 1042 3201 1108 praemonitus.
3234 1044 3382 1097 nullo
3409 1046 3660 1113 praesidio
3695 1059 3885 1118 sepius

2293 1125 2457 1195 quieti
2491 1135 2543 1181 te
2568 1127 2780 1182 tradas?
2806 1128 3083 1187 Facillime
3110 1142 3161 1187 te
3186 1133 3565 1202 improbissimi
3597 1136 3881 1196 (immanes

2292 1225 2637 1272 contemnant
2660 1231 2715 1273 et
2741 1220 3107 1288 implicabunt,
3128 1225 3219 1292 qui
3252 1224 3505 1280 oberrant
3529 1227 3764 1291 assidue,
3789 1233 3886 1299 qui

2292 1307 2631 1362 occasionem
2664 1319 2898 1377 captant,
2928 1310 3277 1367 observantes
3299 1354 3314 1377 ,
3343 1324 3401 1368 ut
3427 1316 3471 1369 si
3498 1331 3656 1387 quem
3690 1333 3885 1387 preca-

2296 1398 2442 1451 tione
2470 1397 2779 1452 destitutum
2823 1400 3311 1470 deprehenderint,
3349 1405 3464 1458 sine
3511 1422 3659 1463 mora
3707 1412 3885 1465 corri-

2290 1490 2458 1556 piant.
2500 1490 2696 1555 Quare,
2726 1491 2987 1559 siquidem
3013 1502 3195 1560 septos
3222 1508 3320 1548 nos
3346 1497 3591 1563 precibus
3624 1500 3880 1565 viderint,

2290 1580 2542 1633 continuo
2594 1592 2860 1648 tamquam
2900 1580 3047 1635 fures
3091 1598 3154 1636 ac
3196 1585 3406 1639 scelesti
3463 1588 3742 1664 resiliunt,
3786 1595 3881 1659 qui

2288 1671 2520 1739 gladium
2565 1674 2749 1725 militis
2792 1676 2949 1743 capiti
2995 1690 3286 1743 appensum
3342 1691 3586 1734 cernunt.
3624 1682 3777 1748 Quod
3833 1686 3881 1739 si

2288 1765 2571 1834 contigerit
2602 1775 2655 1817 ιιι
2684 1766 2876 1831 aliquis
2912 1767 2979 1819 sit
3009 1782 3038 1818 a
3073 1769 3319 1835 precibus
3366 1771 3560 1835 nudus,
3595 1774 3639 1826 is
3679 1792 3709 1827 ιι
3760 1776 3881 1829 da:-

2288 1856 2534 1909 monibus
2571 1857 2849 1925 abripitur,
2881 1867 2934 1911 et
2974 1860 3024 1911 in
3078 1861 3305 1925 scelera,
3335 1863 3515 1926 exitia,
3545 1866 3882 1923 calamitates

2293 1946 2606 2016 impellitur.
2636 1947 2759 2000 llzec
2789 1948 2948 2014 igitur
2969 1959 3272 2003 metuentes
3300 1955 3546 2021 precibus
3586 1967 3746 2025 atque
3772 1958 3881 2030 by-

2288 2043 2426 2095 tnnis
2459 2053 2556 2092 nos
2581 2039 2727 2106 ipsos
2754 2048 2998 2091 tueamur
3021 2050 3074 2093 et
3107 2043 3406 2101 muniamus
3434 2059 3662 2116 oportet,
3698 2060 3753 2103 ut
3778 2066 3879 2105 sua

2288 2148 2384 2187 nos
2420 2134 2556 2187 Dens
2589 2136 2950 2191 misericordia
2973 2179 2987 2200 ,
3017 2147 3072 2192 et
3118 2140 3369 2193 czclorum
3420 2155 3583 2209 regno
3626 2140 3882 2211 dignetur

2286 2240 2383 2292 per
2435 2226 2771 2295 Unigcnilttm
2818 2244 2993 2294 suum,
3037 2230 3120 2282 cui
3174 2231 3339 2299 gloria
3388 2240 3443 2285 ct
3488 2232 3769 2301 impcrimn
3826 2236 3884 2289 in

2283 2320 2475 2372 secula
2506 2322 2844 2374 seculorum.
2874 2323 3067 2377 Amen.

3438 2468 3881 2496 ﬁ

1738 2556 1898 2636 DE
1950 2554 2705 2640 PRECATIONE.

1225 2830 1415 2873 ORATIO
1442 2834 1497 2872 11.

668 2904 765 2968 Qui
793 2916 918 2969 ornt,
949 2924 1060 2960 cum
1094 2907 1200 2963 Deo
1227 2910 1547 2979 colloquitur.
1567 2941 1637 2951 —-
1659 2910 2022 2967 Pl'ecationem
2054 2928 2174 2969 esse

597 2998 830 3049 omnium
857 2999 1113 3049 bonorum
1142 3008 1299 3068 caput
1322 3012 1375 3053 et
1404 3001 1620 3065 fontem,
1648 3017 1709 3055 ac
1739 3003 1925 3056 salutis
1948 3003 2172 3073 vitatque

603 3096 811 3139 mternae
836 3088 1252 3141 conciliatriccm
1293 3088 1499 3157 ignorat
1534 3105 1723 3155 nemo;
1755 3091 1822 3147 de
1851 3107 1912 3146 ea
1954 3102 2168 3157 tamen,

595 3190 714 3243 qute
754 3185 932 3230 nostra
966 3177 1098 3231 feret
1126 3180 1378 3243 facultas,
1404 3180 1623 3234 dicenda
1656 3190 1798 3244 sunt,
1834 3172 1888 3236 ut
1914 3193 1969 3237 et
1998 3183 2058 3248 ii,
2086 3184 2173 3252 qui

594 3267 646 3317 in
676 3266 919 3333 precibus
938 3274 992 3320 ct
1017 3267 1066 3319 in
1101 3268 1190 3321 Dei
1217 3269 1359 3322 cultu
1384 3270 1543 3323 vitam
1564 3269 1846 3340 diligenter
1865 3288 2021 3341 agere
2047 3288 2175 3326 con-

596 3368 902 3421 sueverunt,
925 3358 1271 3414 Studiosiores
1288 3360 1597 3426 reddantur,
1630 3372 1683 3417 et
1711 3363 1800 3433 qui
1831 3366 1990 3418 vitam
2030 3366 2175 3435 abje-

589 3448 942 3501 ctioreanimo
959 3464 985 3501 a
1005 3451 1355 3521 precibusque
1376 3464 1583 3507 remoto
1602 3455 2181 3523 traduxerunt,pra2ter—

592 3538 646 3589 ni
672 3542 923 3607 temporis
948 3542 1207 3609 iacturam
1231 3556 1539 3613 agnoscant,
1567 3547 1897 3616 salutemque
1917 3563 2066 3601 suam
2085 3563 2174 3603 re-

592 3631 735 3697 liquo
770 3631 890 3684 vita:
926 3642 1164 3699 tempore
1190 3635 1407 3688 minime
1432 3636 1697 3691 desertam
1734 3651 1855 3691 esse
1887 3639 2170 3705 patiantur.

592 3720 857 3789 l’rincipio
888 3722 1045 3789 igitur
1071 3724 1193 3777 illud
1224 3723 1275 3778 in
1305 3726 1491 3794 primis
1522 3726 1588 3781 de
1620 3730 1923 3796 precatione
1950 3729 2053 3785 dici
2084 3745 2175 3798 po-

591 3819 710 3875 test,
740 3826 882 3873 eum,
909 3813 995 3880 qui
1039 3825 1297 3882 precatur,
1328 3830 1447 3869 cum
1490 3817 1599 3871 Deo
1627 3819 1875 3887 colloqui.
1908 3820 2172 3887 Quantum

594 3915 720 3953 vero
758 3903 860 3965 sit,
912 3902 1183 3958 hominem
1231 3908 1280 3959 in
1310 3907 1545 3962 divinum
1591 3912 1908 3977 colloquium
1956 3912 2169 3979 venire,

596 4004 753 4043 nemo
802 4000 883 4044 est
932 3993 1021 4061 qui
1065 3995 1297 4061 nesciat;
1354 3997 1429 4049 rei
1480 4013 1607 4051 vero
1652 4000 1960 4067 dignitatem
2016 4016 2173 4055 nemo

591 4081 764 4134 verbis
804 4092 1137 4152 asscquatnr.
1181 4087 1388 4141 Etenim
1438 4088 1739 4157 bujusmodi
1797 4092 1967 4146 honor
2012 4096 2170 4146 etiam

588 4173 894 4241 angelorum
930 4176 1331 4243 amplitudinem
1363 4178 1516 4233 facile
1544 4190 1756 4248 supcrat
1788 4199 1800 4233 :
1832 4182 1881 4235 id
1912 4184 2051 4251 quod
2096 4184 2169 4237 illi

587 4279 708 4317 cum
738 4265 904 4333 probe
945 4267 1261 4335 intelligant,
1301 4286 1492 4324 (omnes
1538 4271 1648 4326 fere
1672 4275 1809 4341 apud
1848 4276 2169 4345 prophetas,

588 4370 705 4406 cum
736 4355 919 4409 laudes
945 4367 998 4409 et
1027 4360 1225 4410 cultum
1264 4360 1487 4413 Domino
1514 4362 1768 4430 afferunt,
1816 4380 2023 4421 summo
2048 4383 2168 4422 cer-

590 4454 787 4496 mmtur
816 4448 1005 4499 timore
1026 4456 1279 4516 correpti,
1305 4450 1428 4503 dum
1461 4469 1553 4504 ora
1587 4453 1855 4523 pedesque
1878 4473 1985 4524 pra.-
2012 4474 2171 4513 vene—

593 4534 794 4586 ratione
822 4546 1020 4602 tegnot,
1040 4537 1164 4590 dum
1196 4540 1370 4593 volatu
1394 4553 1645 4611 motuque
1667 4548 1881 4600 assiduo
1902 4561 2168 4603 Summum

591 4636 788 4679 metum
837 4644 944 4695 pra:
975 4638 1033 4684 sc
1086 4634 1257 4685 ferunt
1287 4651 1300 4686 :
1331 4637 1618 4702 quinetiam
1661 4656 1788 4705 nos,
1843 4653 1898 4695 ut
1941 4645 2166 4712 opinor,

589 4728 826 4781 monent,
860 4727 915 4771 ut
954 4724 1200 4787 precandi
1233 4735 1469 4792 tempore
1512 4727 1754 4784 homnine
1799 4743 1998 4786 natura:
2029 4736 2166 4788 obli-

592 4810 873 4874 viscantur,
898 4822 1055 4879 atque
1078 4816 1420 4870 veneratione
1446 4833 1509 4872 ac
1537 4820 1727 4874 timore
1756 4826 2003 4890 perculsi,
2039 4826 2168 4880 nihil

589 4911 713 4952 ante
738 4902 917 4954 oculos
947 4904 1173 4971 pesitnm
1210 4909 1547 4975 aspiciamus,
1582 4912 1673 4966 sed
1709 4914 1758 4966 in
1806 4917 1978 4969 medio
2009 4933 2170 4987 ange-

592 4990 763 5041 lorum
794 4990 958 5043 choro
986 5009 1082 5045 nos
1116 5009 1255 5059 esse,
1284 5007 1336 5051 ct
1374 5000 1618 5055 eumdem
1650 5020 1806 5071 quem
1852 5006 1923 5059 illi
1971 5009 2167 5063 cultum

595 5076 705 5129 Deo
724 5094 818 5131 nos
838 5082 1142 5148 persolvere
1162 5086 1498 5169 arbitremur.
1526 5092 1732 5147 Etenim
1753 5106 1943 5149 czctera
1967 5101 2166 5165 omnia,

592 5171 800 5224 illorum
832 5173 1043 5243 inquam
1075 5187 1127 5230 ct
1151 5191 1348 5246 nostra,
1382 5194 1433 5236 ct
1464 5196 1670 5249 natura,
1701 5198 1752 5241 et
1774 5191 1980 5244 vivendi
2011 5194 2165 5258 ratio,

592 5272 646 5315 et
690 5265 980 5331 sapientia,
1034 5278 1090 5321 et
1135 5270 1517 5340 intelligentia,
1574 5287 1627 5330 et
1674 5281 1928 5349 quidquid
1974 5286 2167 5339 dixerit

591 5356 873 5423 qniSpia‘m,
919 5358 1077 5428 longo
1122 5360 1397 5421 intervallo
1444 5368 1581 5422 inter
1624 5386 1681 5425 se
1719 5374 1951 5440 distant;
1984 5393 2167 5447 prcca-

591 5446 753 5499 tionis
788 5458 961 5501 autem
1002 5451 1236 5507 ofﬁcium
1277 5466 1359 5509 est
1401 5458 1703 5516 hominibus
1737 5480 2019 5523 commune
2044 5487 2164 5524 cum

594 5536 813 5602 angelis,
843 5552 1014 5606 neque
1044 5551 1127 5595 est
1173 5545 1367 5614 aliquid
1390 5584 1407 5610 ί
1432 5552 1572 5618 quod
1608 5554 1675 5606 sit
1712 5555 2081 5614 intermedium
2114 5562 2165 5617 in

595 5624 680 5680 iis.
713 5644 827 5693 quae
872 5630 938 5683 ad
980 5636 1297 5700 prccnndum
1343 5643 1625 5707 pertinent.
1665 5646 1770 5700 llac
1810 5656 2106 5720 scgrcgaris
2137 5672 2163 5708 a

594 5716 904 5785 pecudibus,
932 5720 1042 5777 lucc
1072 5733 1121 5778 te
1144 5730 1343 5797 angelis
1367 5731 1556 5802 jungit,
1589 5735 1686 5789 hac
1717 5738 1862 5794 brcvi
1892 5757 2017 5797 sane
2051 5745 2163 5799 illo-

2285 2838 2401 2877 rum
2425 2827 2729 2893 reipublicze
2748 2872 2764 2896 ,
2795 2832 3004 2889 illorum
3034 2836 3154 2893 vitae
3180 2841 3498 2914 vivendique
3525 2850 3752 2917 rationi,
3783 2827 3873 2910 di;

2281 2915 2489 2981 gnitati,
2511 2918 2797 2989 nobilitati,
2818 2925 3112 2993 sapientiae,
3146 2931 3508 3004 intelligentia:
3540 2915 3865 3013 adiungetur

2281 3006 2370 3074 qui
2393 3022 2605 3063 onmem
2633 3012 2731 3065 sibi
2756 3014 2916 3069 vitam
2943 3017 2995 3071 in
3018 3022 3265 3088 precibus
3292 3042 3354 3080 ac
3379 3028 3469 3082 Dei
3491 3006 3633 3087 cultu
3659 3006 3870 3104 ponen-

2281 3097 2406 3153 dum
2470 3103 2695 3172 putabit.
2723 3106 2859 3172 Quid
2909 3110 3051 3164 enim
3091 3117 3325 3171 sanctius
3374 3120 3439 3174 iis
3488 3123 3577 3187 sit,
3635 3097 3724 3192 qui
3773 3129 3872 3184 Dei

2280 3195 2665 3249 consuetudine
2709 3198 3087 3265 perfruuntur?
3145 3207 3274 3274 quid
3312 3211 3541 3279 justius,
3598 3220 3868 3287 ornatius,

2280 3282 2606 3351 Sapientius?
2653 3286 2785 3343 Nam
2832 3291 2876 3344 si
2919 3290 2989 3358 ii,
3055 3297 3141 3365 qui
3186 3301 3514 3369 sapientibus
3562 3282 3875 3368 hominibus

2279 3370 2614 3431 familiariter
2657 3388 2913 3449 utuntur,
2956 3400 3021 3440 ex
3051 3389 3261 3445 assidua
3300 3399 3687 3456 consuetudine
3744 3403 3872 3457 illo-

2280 3478 2396 3561 rum
2439 3469 2733 3535 prudentia:
2762 3476 3045 3545 participes
3085 3482 3332 3539 celeriter
3358 3488 3516 3553 liunt,
3548 3493 3674 3561 quid
3704 3494 3772 3549 de
3805 3499 3875 3553 iis

2280 3552 2563 3610 dicendum
2612 3571 2695 3614 est
2722 3602 2737 3626 ,
2784 3566 2873 3633 qui
2918 3582 3036 3623 cum
3067 3570 3175 3626 Deo
3214 3574 3329 3642 ipso
3366 3552 3765 3650 colloquuntur,
3816 3600 3873 3643 ct

2281 3644 2451 3715 ipsum
2494 3657 2814 3719 precantur?
2856 3672 3051 3729 quanta
3100 3667 3381 3735 sapientia,
3409 3644 3602 3739 quanta
3634 3677 3872 3749 virtute,

2284 3739 2581 3805 prudentia,
2616 3748 2896 3815 probitate,
2926 3754 3292 3815 moderatione
3321 3763 3495 3830 replet
3522 3766 3664 3835 ipsos
3691 3739 3874 3827 oratio

2278 3838 2332 3882 et
2356 3831 2692 3889 obsecratio?
2722 3838 2901 3911 Itaque
2924 3860 3028 3899 non
3069 3862 3197 3903 sane
3238 3850 3283 3903 is
3312 3831 3654 3928 aberret,'qui
3686 3866 3874 3919 omnis

2278 3922 2827 3998 virtutisjnstitichue
2849 3945 3068 3989 matrem
3091 3954 3209 3995 esse
3229 3922 3870 4020 precationem-affirmet,

2276 4471 2659 4526 communitum
2692 4474 2841 4531 facile
2868 4479 3110 4535 diabolus
3140 4485 3189 4537 in
3223 4501 3372 4542 suam
3400 4492 3589 4561 redigit
3622 4506 3867 4562 potesta-

2277 4564 2406 4621 tem,
2443 4559 2701 4629 facileque
2733 4571 3059 4625 contaminat
3086 4578 3321 4632 omnium
3354 4584 3679 4649 turpitudine
3710 4588 3869 4657 flagi-

2276 4649 2487 4702 tiorum.
2522 4652 2754 4708 Primum
2780 4660 2921 4712 enim
2962 4679 3081 4714 eum
3110 4668 3341 4723 animam
3381 4674 3626 4741 precibus
3667 4681 3867 4737 viderit

2273 4742 2702 4812 circmnscpiam,
2749 4752 2946 4805 veritus
2994 4754 3157 4809 robur
3195 4774 3256 4813 ac
3291 4763 3429 4827 vim,
3462 4782 3617 4832 quant
3668 4785 3866 4827 preces

2277 4831 2351 4883 illi
2405 4838 2777 4903 suppeditant,
2820 4858 2937 4908 qum
2968 4846 3200 4901 animum
3252 4856 3417 4922 magis
3459 4831 3641 4922 alunt,
3694 4877 3862 4930 quam

2275 4925 2422 4978 cibus
2454 4944 2699 4996 corpora,
2734 4934 2950 5001 propius
2977 4953 3079 4991 non
3112 4941 3269 4995 audet
3300 4948 3556 5001 accedere
3589 4966 3601 5001 :
3629 4951 3823 5005 deinde
3843 4997 3860 5018 ,

2274 5018 2361 5082 qui
2395 5021 2537 5072 omni
2560 5024 2719 5075 animi
2744 5040 2869 5077 cura
2900 5043 3083 5094 preces
3118 5033 3404 5100 adhibent,
3438 5056 3541 5093 non
3582 5046 3864 5112 patiuntur

2274 5108 2468 5177 aliquid
2512 5118 2817 5179 precatione
2866 5120 3135 5190 indignum
3190 5128 3240 5179 in
3294 5144 3353 5182 se
3398 5131 3712 5202 admittere,
3760 5140 3859 5194 sed

2275 5195 2438 5252 Deum
2472 5206 2646 5268 veriti,
2688 5208 2899 5271 quicum
2946 5213 3106 5289 modo
3153 5217 3443 5287 colloquuti
3481 5236 3625 5289 sunt,
3668 5243 3863 5283 orantes

2274 5301 2493 5356 repente
2519 5295 2741 5362 improbi
2767 5298 2932 5354 hostis
2947 5286 3166 5359 conatus
3188 5310 3454 5377 repellunt
3484 5332 3494 5365 :
3526 5330 3647 5370 cum
3674 5334 3861 5375 secum

2274 5380 2372 5449 ip.~i
2404 5385 2653 5451 cogitent,
2706 5393 2886 5457 quanti
2933 5398 3149 5450 sceleris
3188 5401 3255 5452 sit
3293 5418 3435 5466 eum,
3478 5411 3563 5473 qui
3609 5427 3777 5477 nuper
3804 5426 3862 5468 et

2276 5472 2364 5525 Dei
2397 5477 2659 5545 eoi10quio
2694 5480 2984 5543 fruebatur.
3022 5497 3074 5539 ct
3116 5506 3211 5555 pro
3245 5498 3594 5561 temperantia
3632 5511 3685 5552 et
3726 5517 3860 5556 Satt-

2272 5568 2451 5619 Ctilate
2477 5569 2802 5637 impetranda
2829 5576 2973 5629 illum
3004 5579 3336 5647 obsecrabat,
3370 5586 3434 5639 ad
3466 5588 3732 5645 diabolum
3767 5609 3860 5648 re-

2272 5668 2428 5727 pente
2464 5664 2827 5733 transfugere,
2870 5680 2923 5721 et
2951 5671 3230 5725 obscenius
3264 5678 3561 5745 voluptates
3592 5682 3640 5735 in
3672 5699 3858 5740 animo

2272 5765 2529 5819 recipere,
2564 5754 2721 5826 inque
2762 5771 3016 5828 mentem,
3052 5778 3207 5834 quon
3252 5767 3387 5821 licus
3420 5784 3584 5839 nuper
3635 5775 3851 5844 invisit,
