4066 6446
190 432 279 485 731
1397 409 1486 467 DE
1524 406 1973 465 PRECATIONE.
2012 407 2078 463 ll.

191 540 394 594 aditum
436 533 652 590 diabolo
684 528 1019 602 patefacere,
1063 527 1444 592 dtentonesque
1491 520 1779 575 admittere

192 631 245 684 in
270 628 531 692 animum,
571 640 730 696 quem
759 622 991 692 Spiritus
1025 617 1196 674 sancti
1235 617 1408 687 gratia
1457 613 1786 684 benignitate

192 733 402 775 summa
429 733 494 771 ac
531 715 867 786 providentia
909 710 1270 767 decoraverit.
1309 705 1364 760 Id
1407 719 1536 760 vero
1571 718 1676 773 qua
1699 718 1784 756 ra-

193 815 342 863 tione
371 807 481 870 fiat,
515 806 716 873 accipe.
747 802 888 858 Fieri
917 801 1066 856 nullo
1097 798 1256 853 modo
1295 803 1502 867 potest,
1539 803 1599 849 ut
1624 793 1787 848 homo

191 901 311 956 sine
330 897 496 954 divini
522 896 754 965 Spiritus
773 909 876 963 ope
899 893 1133 948 divinam
1157 891 1290 946 ferat
1309 885 1783 950 consuetudinem;

193 1007 381 1048 verum
403 997 619 1059 Oportet
646 988 748 1044 bac
773 995 1060 1057 praesente,
1088 993 1143 1039 et.
1169 994 1384 1038 sanctos
1408 989 1638 1036 conatus
1658 995 1785 1049 pro—

192 1089 473 1149 sequente,
525 1095 641 1135 rem
687 1077 927 1149 aggredi,
971 1089 1144 1146 genua
1189 1073 1440 1137 ﬂectere,
1476 1072 1784 1136 obsecrare,

193 1172 424 1243 precari.
445 1169 581 1226 Cum
622 1170 770 1225 enim
811 1181 901 1223 res
948 1168 1209 1221 humanas
1250 1166 1411 1233 longe
1455 1169 1674 1232 superet
1699 1159 1786 1217 di-

194 1265 354 1317 vinus
377 1275 733 1330 congressus,
763 1258 1096 1329 ingrediente
1124 1257 1180 1312 in
1213 1269 1312 1310 nos
1338 1253 1572 1324 Spirittts
1614 1250 1786 1306 sancti

192 1353 387 1423 gratia,
415 1351 803 1406 conlirtnetnur
820 1390 836 1413 ,
864 1348 1301 1413 corroborcmur,
1332 1344 1555 1399 honoris
1582 1341 1789 1412 magni-

195 1444 436 1500 tudinem
459 1444 769 1507 doceamur,
795 1454 1018 1496 necesse
1041 1448 1146 1494 est.
1176 1438 1359 1507 Itaque
1394 1451 1517 1491 cum
1541 1433 1637 1491 tibi
1665 1446 1790 1488 esse

192 1549 316 1588 cum
357 1534 470 1588 Deo
506 1546 818 1586 sermonem
867 1527 1229 1594 intellexeris,
1281 1536 1440 1596 teque
1480 1531 1788 1595 precantem

195 1627 368 1681 sancti
400 1624 635 1694 Spiritus
664 1637 822 1694 opem
846 1623 1118 1691 excipere,
1149 1633 1344 1674 omnes
1369 1619 1545 1673 aditus
1573 1615 1789 1670 diabolo

195 1721 248 1772 in
279 1719 518 1772 animum
542 1717 654 1785 jam
682 1731 710 1768 a
743 1715 948 1785 Spiritu
1005 1713 1391 1769 sanctificatum
1437 1709 1786 1765 intercludes.

195 1808 264 1863 Ut
291 1809 436 1862 enim
465 1806 557 1875 qui
587 1814 715 1860 sunt
746 1819 869 1859 cum
903 1817 1031 1873 rege
1066 1800 1359 1872 colloquuti
1380 1842 1395 1867 ,
1424 1809 1482 1855 et
1513 1799 1657 1866 illius
1682 1797 1791 1852 bu-

195 1897 493 1962 manitatis,
539 1896 840 1962 facilitatis,
880 1895 1104 1950 honoris
1138 1893 1370 1948 fructum
1412 1898 1706 1964 ceperunt,
1755 1904 1788 1944 a

193 1990 565 2046 mendicorum
602 1987 1046 2057 abjectorumque
1072 1984 1348 2041 hominum
1375 1997 1670 2052 congressu
1694 1981 1790 2035 ab-

191 2083 420 2137 horrent
452 2099 466 2135 :
496 2082 569 2136 ita
595 2081 686 2148 qui
729 2080 896 2134 Deum
933 2077 1243 2151 alloquutus
1273 2084 1632 2145 precatumque
1671 2081 1786 2140 Cat,

190 2174 388 2229 adduci
419 2190 528 2229 non
554 2173 709 2228 facile
750 2171 965 2243 poterit,
995 2179 1054 2225 ut
1079 2169 1380 2238 improbum
1403 2168 1708 2223 dtemonem
1733 2172 1792 2221 et

191 2265 420 2336 impium
467 2266 520 2318 in
566 2278 718 2318 suam
765 2262 991 2331 recipiat
1044 2258 1520 2316 necessitudinem.
1571 2255 1790 2311 Etenim

190 2358 374 2427 quise
406 2357 770 2426 voluptatibus
795 2354 1090 2422 mancipat,
1133 2352 1178 2405 is
1213 2365 1402 2405 revera
1451 2347 1790 2402 daemonibus

197 2448 539 2502 familiariter
561 2448 749 2510 utitur,
776 2458 1075 2513 eorumque
1099 2442 1363 2496 insaniam
1390 2439 1674 2495 aemulatur
1690 2477 1708 2502 ,
1732 2450 1792 2492 ut

189 2551 381 2593 contra
407 2540 474 2602 is,
497 2537 589 2607 qui
611 2535 1023 2606 temperantiam
1044 2542 1099 2588 et
1120 2532 1384 2603 justitiam
1407 2530 1790 2599 colig-angelis

191 2629 476 2684 familiaris
496 2628 747 2689 efﬁcitur.
768 2637 822 2680 et
847 2640 1036 2680 eorum
1051 2622 1458 2693 amplitudinem
1482 2621 1783 2676 tumulatur.

189 2721 347 2788 Quod
377 2721 423 2774 si
450 2720 569 2790 quis
593 2719 762 2774 animi
792 2731 988 2773 nervos
1019 2729 1206 2785 preces
1233 2712 1615 2786 appellaverit,
1657 2711 1789 2766 tnihi

193 2812 438 2882 profecto
480 2826 616 2870 vere.
657 2811 842 2866 dicere
884 2808 1148 2864 videatur.
1195 2807 1408 2862 Etenim
1457 2814 1517 2860 ut
1551 2818 1786 2872 corpus,

189 2905 419 2972 opinor,
470 2917 756 2958 nervorum
806 2901 1072 2956 beneflcio
1113 2907 1358 2965 constat,
1406 2898 1596 2962 currit,
1643 2905 1785 2962 stat,

189 2997 342 3060 vivit,
375 3004 824 3066 compactumquc
850 3003 971 3060 est,
1004 2994 1178 3063 iisque
1206 2992 1418 3058 incisis,
1450 3003 1643 3045 omnes
1663 3004 1788 3044 cor-

191 3087 340 3155 poris
392 3086 613 3142 nutueri'
654 3085 1066 3141 dissolvuntur:
1096 3083 1175 3139 sic
1211 3081 1377 3138 animi
1427 3097 1524 3152 per
1575 3093 1790 3136 sanctas

190 3193 385 3248 preces
411 3187 468 3232 et
493 3178 950 3246 conglutinantur,
971 3186 1027 3232 et
1054 3183 1325 3240 constant,
1346 3189 1672 3244 cursumque
1694 3175 1791 3228 ba-

189 3271 325 3325 bcnt
353 3269 569 3339 pictatis
594 3267 808 3322 facilem
836 3281 900 3322 ac
919 3265 1240 3322 secundum.
1267 3263 1424 3333 Quod
1453 3266 1498 3320 si
1528 3274 1581 3320 te
1611 3267 1786 3335 ipsum

192 3359 508 3428 precatione
549 3355 888 3427 spoliaveris,
918 3354 1143 3425 perinde
1184 3354 1398 3420 feceris,
1426 3369 1489 3408 ac
1517 3356 1562 3410 si
1588 3355 1790 3424 piscem

190 3465 256 3505 ex
296 3449 452 3517 aquis
475 3447 812 3503 extraxeris:
846 3454 905 3500 ut
940 3447 1083 3501 enim
1129 3445 1218 3500 hic
1262 3460 1401 3515 aqua
1431 3446 1588 3512 vivit,
1615 3446 1696 3501 sic
1729 3461 1790 3523 tu

193 3539 614 3608 precationibus.
640 3537 744 3593 Per
769 3536 867 3591 has
892 3545 1160 3606 tamquam
1189 3550 1285 3604 per
1308 3550 1504 3606 aquam
1533 3537 1750 3592 evolare
1769 3578 1786 3602 ,

190 3629 355 3684 orbes
380 3629 624 3683 caelestes
664 3641 957 3696 superare.
989 3625 1056 3679 ad
1090 3625 1256 3681 Deum
1283 3626 1502 3694 propius
1544 3627 1670 3682 licet
1692 3641 1787 3681 ac-

189 3718 409 3774 cedere.
436 3716 506 3774 Ut
547 3718 710 3792 igitur
733 3725 934 3772 sancta
964 3715 1287 3786 precationis
1332 3716 1498 3770 robur
1534 3715 1788 3771 ostenda-

194 3819 310 3874 tur,
361 3811 447 3865 vel
484 3824 608 3880 qua:
643 3807 877 3863 diximus
916 3806 1049 3862 satis
1085 3815 1254 3862 sunt:
1296 3807 1574 3876 praestabit
1608 3816 1790 3864 tamen

192 3902 449 3967 fortasse,
469 3909 531 3956 ut
553 3899 622 3955 ad
651 3909 835 3954 sancta
855 3899 1130 3954 volumina
1157 3898 1479 3955 accedentes
1497 3914 1562 3954 ex
1590 3898 1790 3956 Christi

193 3994 378 4050 verbis
405 3993 619 4048 divitias
656 4005 1044 4063 agnoscamus,
1074 4006 1207 4061 quas
1250 4003 1438 4061 preces
1477 3985 1794 4059 comparant

192 4086 281 4152 iis,
312 4086 403 4156 qui
450 4099 668 4140 omnem
710 4091 923 4138 aetatem
975 4083 1029 4136 in
1068 4081 1202 4151 ipsis
1241 4096 1441 4151 ponere
1478 4081 1666 4152 velint.
1695 4081 1793 4136 Di-

191 4177 336 4232 cebat
359 4185 562 4241 autem,
590 4173 795 4245 inquit,
830 4183 878 4227 st
910 4173 1208 4244 parabolarn
1231 4173 1302 4226 ad
1324 4173 1471 4238 illos,
1503 4183 1558 4227 ut
1592 4189 1794 4245 semper

191 4266 508 4339 precandum
540 4280 681 4338 esses
699 4265 1085 4319 demonstraret.
1126 4261 1300 4317 ludes:
1339 4263 1547 4332 quidam
1592 4272 1700 4318 erat
1737 4265 1792 4319 in

190 4358 420 4430 quadarn
457 4357 687 4422 civitate,
726 4356 814 4426 qui
842 4354 1008 4410 Deum
1049 4371 1152 4409 non
1179 4354 1415 4421 timebat,
1460 4364 1508 4409 et
1538 4356 1793 4410 hominem

192 4466 300 4504 non
337 4447 675 4503 venerabatur.
712 4444 884 4500 Vidua
910 4455 1080 4520 autem
1111 4445 1345 4515 quaedam
1371 4454 1481 4499 erat
1505 4446 1558 4499 in
1593 4447 1795 4501 civitate

190 4543 310 4608 illa,
337 4550 386 4597 et
411 4538 638 4596 tradebat
674 4538 743 4592 ad
765 4551 881 4592 enin
906 4537 1079 4592 dicens
1107 4552 1126 4590 :
1167 4533 1381 4590 Vindica
1406 4551 1488 4590 me
1523 4537 1588 4590 de
1613 4536 1794 4591 adver-

193 4637 334 4690 sario
373 4649 523 4698 meo;
547 4640 596 4686 et
624 4631 822 4685 nolebat
873 4645 964 4700 per
1014 4627 1226 4682 multum
1251 4638 1471 4698 tempus.
1515 4627 1644 4684 Post
1683 4629 1796 4685 Iura

194 4737 368 4781 autem
389 4716 518 4780 dixit
545 4725 682 4779 intra
717 4738 772 4777 se
798 4737 819 4777 :
851 4720 964 4775 Etsi
987 4719 1155 4775 Deum
1182 4735 1286 4775 non
1314 4719 1492 4788 timeo,
1515 4737 1608 4776 nee
1627 4721 1794 4775 homi-

197 4839 315 4876 nem
351 4834 616 4884 revereor;
644 4827 811 4871 tamen
831 4817 953 4885 quia
979 4816 1192 4869 molesta
1217 4823 1292 4870 est
1315 4814 1443 4868 milii
1467 4815 1575 4870 hac
1599 4815 1754 4871 uidua
1769 4857 1789 4883 ,

196 4911 462 4966 vindicabo
479 4907 648 4974 illam,
665 4890 728 4962 ne
743 4909 796 4961 in
813 4905 1080 4961 novissimo
1095 4905 1316 4968 ueniens,
1330 4906 1567 4976 suggillet
1583 4923 1682 4962 me.
1705 4909 1791 4963 Ait

194 5015 366 5059 autem
381 5003 652 5066 Dominus,
668 5000 875 5066 Audite,
887 4999 1011 5068 quid
1021 5000 1189 5070 judez
1199 4999 1478 5068 iniquitatis
1492 5000 1636 5066 dicit,
1651 4993 1794 5056 Deus

195 5106 362 5151 autem
382 5111 483 5150 non
500 5095 653 5167 faciet
669 5093 947 5148 uindictam
956 5093 1229 5147 electorum
1241 5109 1448 5147 suorum
1462 5094 1795 5148 clamantium

194 5191 266 5243 ad
289 5204 344 5242 se
366 5188 450 5240 die
491 5203 554 5239 ac
579 5195 751 5248 nocte,
781 5195 829 5239 et
874 5187 1169 5254 patientiam
1198 5184 1398 5240 habebit
1419 5185 1474 5239 in
1496 5186 1601 5240 illis
1617 5186 1643 5240 ἵ
1666 5185 1794 5241 Dico

196 5283 355 5346 ωοὲε,
373 5281 492 5351 quia
511 5279 612 5334 cito
628 5278 775 5348 faciet
791 5277 1067 5332 uindictam
1082 5278 1289 5332 illorum
1306 5277 1460 5348 (Luc.
1475 5277 1564 5334 I8.
1584 5278 1796 5350 i.sqq.).

197 5377 308 5432 Nos
329 5389 484 5440 vero,
516 5374 729 5438 fratres,
759 5373 994 5428 abditam
1022 5371 1338 5441 sapientiam
1370 5371 1422 5425 in
1451 5372 1794 5426 sermonibus

199 5470 435 5538 Spiritus
460 5466 832 5531 addiscamus,
859 5473 916 5520 et
943 5479 1042 5536 pro
1071 5463 1325 5518 facultate
1349 5472 1532 5517 nostra
1563 5464 1792 5518 investi-

199 5575 409 5630 gemus,
440 5573 565 5632 nonx
585 5566 843 5628 quantum
871 5556 925 5610 in
962 5556 1075 5624 ipsa
1101 5555 1204 5620 sit,
1231 5553 1327 5609 sed
1351 5563 1609 5624 quantum
1641 5554 1796 5610 nobis

201 5650 414 5719 assequi
445 5650 622 5704 liceat.
667 5651 844 5718 Atque
869 5642 946 5701 illi
971 5646 1186 5717 quidem
1205 5687 1221 5710 ,
1249 5646 1339 5717 qui
1381 5646 1434 5699 in
1465 5644 1602 5700 mari
1631 5645 1793 5700 vitam

202 5741 421 5810 degunt,
445 5738 499 5794 itt
526 5739 699 5809 ipsum
715 5734 1041 5810 profundum
1063 5749 1124 5790 se
1138 5734 1532 5806 demergcntes,
1550 5748 1795 5806 gemmas

203 5833 432 5887 stfcrunt
467 5830 536 5886 ad
572 5844 689 5897 eos,
733 5828 824 5900 qui
864 5835 995 5884 sunt
1030 5828 1083 5882 in
1115 5827 1275 5884 terris
1304 5845 1318 5881 :
1349 5842 1449 5883 nos
1498 5841 1623 5883 vero
1651 5826 1792 5888 divi-

3389 409 3494 465 782

1895 533 2084 572 uarum
2124 518 2398 575 literarum
2436 522 2656 593 pelagus
2701 521 3088 591 perlustrcmus
3127 529 3181 577 et
3209 520 3272 577 ad
3314 524 3489 594 ipsum

1893 610 2216 680 profundum
2257 613 2553 682 spiritualis
2590 616 2868 684 sapientiae
2889 654 2905 680 ,
2939 626 3197 686 quantum
3231 616 3284 672 in
3328 617 3486 672 nobis

1892 711 1997 767 est,
2027 705 2414 771 decurramus,
2446 712 2504 760 ut
2557 705 2712 760 vobis
2752 704 3064 761 thesaurum
3107 708 3491 778 prmstantissi-

1895 808 2040 848 mum
2067 794 2375 861 ati'eramus,
2407 797 2498 866 qtti
2529 797 2738 851 animos
2767 805 2926 852 ornet
2954 799 3147 854 melius
3166 839 3183 865 ,
3208 813 3371 869 quam
3395 814 3493 855 ea-

1894 884 2001 952 pita
2028 899 2216 954 regum
2242 886 2666 954 praeclarissimis
2705 889 2936 958 gemmis
2961 889 3227 945 distincta:
3254 904 3491 946 coronat.

1895 974 2135 1044 Namque
2169 974 2363 1031 harum
2404 979 2711 1046 praestantia
2757 978 2920 1048 hujus
2958 980 3082 1034 vita:
3126 981 3360 1036 termino
3387 982 3495 1035 cir-

1894 1066 2275 1121 cumscribitur
2299 1085 2312 1122 :
2353 1068 2444 1138 qui
2473 1083 2601 1122 vero
2631 1070 2972 1125 sermonibus
3010 1069 3244 1140 Spiritus
3268 1083 3497 1126 coronat

1895 1156 2156 1219 animum.
2187 1157 2234 1211 is
2260 1168 2316 1212 et
2344 1156 2459 1227 jam
2503 1172 2730 1214 securus
2769 1159 2920 1225 vivit,
2948 1167 3005 1216 et
3044 1161 3154 1214 vita
3194 1159 3409 1216 functus
3433 1160 3496 1215 li-

1895 1245 2045 1302 denti
2070 1249 2252 1303 animo
2279 1248 2346 1303 ad
2371 1248 2572 1304 Christi
2604 1251 2837 1306 tribunal
2865 1252 3097 1315 accedit,
3129 1251 3360 1308 refertus
3385 1252 3499 1308 vir-

1897 1339 2122 1405 tutibus,
2173 1351 2228 1396 et
2272 1341 2341 1397 ab
2382 1343 2528 1398 omni
2557 1343 2679 1400 labe
2720 1345 3118 1415 integerrimus.
3152 1346 3295 1416 Ergo
3330 1361 3493 1416 quem

1897 1434 2113 1488 tandem
2145 1435 2460 1490 thesaurum
2487 1451 2518 1490 e
2548 1451 2827 1492 sacrorum
2857 1439 3188 1494 voluminum
3226 1438 3494 1509 profundo

1897 1524 2048 1580 vobis
2078 1524 2376 1594 eﬂ'erimus,
2409 1543 2517 1582 non
2550 1529 2724 1598 ipsum
2755 1531 3033 1601 sapientiae
3060 1533 3385 1602 profundum
3413 1543 3494 1588 at-

1899 1619 2184 1687 tingentes,
2214 1619 2310 1674 sed
2339 1635 2405 1675 eo
2427 1620 2654 1692 delapsi,
2684 1638 2793 1692 quo
2821 1623 2986 1679 licet?
3011 1624 3099 1679 Ad
3130 1625 3496 1695 precationem

1896 1707 2146 1766 Christus
2190 1711 2438 1768 homines
2477 1730 2600 1768 cum
2635 1715 2793 1771 vellet
2834 1716 3074 1783 allicere,
3103 1726 3158 1772 et
3203 1717 3323 1789 ejus
3349 1729 3500 1774 mm-

1895 1800 2057 1856 moda
2091 1801 2294 1857 nostris
2333 1803 2604 1859 mentibus
2643 1819 2985 1876 proponere,
3008 1807 3247 1878 iudicem
3292 1808 3496 1865 inducit

1895 1891 2183 1962 quemdam
2209 1893 2513 1963 improbum
2534 1935 2551 1960 ,
2579 1910 2806 1964 saevum,
2857 1898 2950 1969 qui
2978 1898 3242 1968 pudorem
3279 1915 3496 1958 omnem

1896 1982 1966 2036 ab
1986 1984 2157 2038 oculis
2172 1983 2484 2054 abjecisset,
2510 1986 2604 2041 Dei
2625 1987 2874 2043 timorem
2896 1988 3191 2058 expulisset
3205 2005 3272 2046 ex
3293 1991 3497 2046 animo.

1896 2074 2059 2144 Atqui
2106 2077 2238 2130 satis
2282 2073 2386 2131 fttit
2423 2076 2552 2147 justi
2600 2087 2656 2134 et
2704 2073 2989 2134 clementis
3030 2080 3330 2150 cujuspiam
3377 2095 3497 2152 per-

1895 2179 2084 2220 sonam
2127 2167 2403 2234 inducere,
2437 2177 2497 2224 ttt
2531 2169 2651 2239 ejus
2675 2170 2907 2239 justitia,
2945 2170 2990 2224 si
3017 2186 3141 2226 cum
3177 2171 3360 2228 divina
3389 2173 3499 2228 cle-

1895 2258 2096 2312 mentia
2120 2257 2480 2321 conferretur.
2511 2263 2615 2315 vim
2661 2262 2992 2330 precationis
3036 2263 3370 2320 ostenderet.
3404 2264 3498 2320 Et-

1896 2347 2040 2403 enim
2066 2348 2112 2404 si
2146 2349 2225 2402 vir
2254 2351 2428 2406 bonus
2456 2360 2512 2406 et
2538 2351 2684 2406 mitis
2709 2367 2805 2408 eos
2820 2351 3129 2409 humaniter
3156 2355 3375 2426 excipit,
3405 2356 3498 2427 qui

1895 2437 1963 2492 ad
1993 2452 2054 2494 se
2077 2439 2350 2510 supplices
2378 2442 2622 2505 veniunt,
2653 2454 2858 2510 quanto
2884 2445 3056 2514 magis
3075 2445 3313 2516 excipiet
3334 2447 3496 2511 Deus,

1894 2529 2050 2598 cujus
2079 2527 2425 2600 benignitatis
2454 2533 2770 2603 magnitudo
2800 2547 2909 2589 non
2947 2534 3108 2589 modo
3134 2546 3370 2591 mentem
3402 2553 3498 2591 no-

1897 2629 2107 2687 stram,
2151 2622 2247 2678 sed
2289 2623 2436 2694 ipsos
2477 2626 2702 2695 angelos
2726 2624 2892 2697 fugit?
2919 2625 3064 2682 Satis
3094 2627 3258 2697 igitur
3277 2627 3412 2695 fuit,
3442 2637 3498 2682 ut

1897 2713 2060 2770 modo
2076 2713 2344 2780 dicebam,
2362 2715 2493 2784 justi
2509 2715 2707 2785 judicis
2728 2730 3012 2786 personam
3037 2731 3368 2786 pr0ponere;
3386 2718 3498 2788 jam

1897 2821 2028 2861 vero
2068 2806 2306 2877 judicem
2356 2808 2662 2873 crudelem,
2709 2809 2957 2878 impium,
3012 2807 3367 2866 inhumanum
3418 2812 3523 2864 in»

1897 2896 2065 2965 ducit,
2097 2898 2150 2953 in
2174 2898 2310 2954 alios
2336 2901 2554 2969 quidem
2585 2900 2872 2966 immitem,
2899 2899 2952 2955 in
2979 2900 3332 2958 obsecrantes
3351 2911 3500 2958 certe

1897 2987 2190 3058 benignum
2221 3003 2286 3044 ac
2314 2989 2527 3045 facilem
2555 3007 2570 3044 :
2602 2999 2660 3044 ttt
2683 2989 2955 3060 intelligas
2975 2992 3224 3048 oratione
3249 3001 3496 3047 naturam

1903 3078 1987 3131 vel
2024 3078 2324 3148 improbam
2353 3078 2421 3135 ad
2451 3079 2730 3138 lenitatem
2778 3081 3231 3152 clementiamque
3268 3083 3497 3138 traduci.

1895 3169 2166 3238 Quorsum
2194 3171 2358 3240 igitur
2381 3169 2629 3226 Christus
2654 3172 2706 3227 id
2738 3173 2904 3228 fecit?
2923 3173 2996 3229 Ut
3023 3189 3186 3230 nemo
3213 3185 3360 3231 esset
3383 3192 3500 3231 om-

1897 3259 2069 3325 nium,
2099 3261 2192 3331 qui
2219 3260 2325 3314 vim
2369 3263 2696 3330 precationis
2725 3263 3021 3332 ignoraret.
3051 3263 3189 3319 Cum
3215 3270 3497 3336 propterea

1898 3351 1952 3405 in
1973 3360 2266 3422 conspectu
2287 3350 2486 3420 judicis
2511 3352 2845 3408 acerbissimi
2866 3354 3079 3408 viduam
3105 3357 3496 3421 constituisset,

1898 3441 2182 3513 ipsumque
2205 3450 2400 3511 praeter
2419 3444 2537 3512 ejus
2558 3452 2808 3498 naturam
2835 3443 3127 3500 humanum
3149 3446 3496 3510 ostendisset,

1896 3548 1928 3587 a
1955 3533 2386 3603 scelestojudicc
2412 3535 2479 3587 ad
2510 3535 2722 3590 Patrem
2754 3550 2911 3591 suum
2934 3538 3237 3593 orationem
3269 3539 3499 3595 traducit

1897 3626 2182 3694 Optimum,
2204 3635 2572 3691 mansuetum,
2601 3626 2810 3687 mitem,
2841 3626 3156 3691 humanum,
3179 3629 3386 3684 scelera
3409 3644 3499 3684 su-

1900 3726 2203 3787 perantem,
2220 3716 2386 3770 multa
2406 3725 2626 3787 peccata
2644 3716 3067 3783 condonantem,
3085 3718 3430 3788 quotidianas
3444 3721 3497 3775 in

1896 3806 2339 3874 secontumelias,
2356 3805 2662 3877 daemonum
2683 3805 2996 3872 honores,in
3014 3807 3205 3863 Filium
3218 3809 3498 3886 maledicta

1897 3906 1955 3954 et
2005 3906 2260 3955 sexcenta
2316 3896 2519 3953 nefaria
2563 3897 2802 3952 facinora
2857 3897 3221 3967 perferentem
3249 3900 3500 3971 :‘qnique

1897 4005 2022 4046 cum
2048 3989 2210 4046 tantis
2237 3987 2579 4044 contumeliis
2615 3997 2901 4057 appetatur
2928 4029 2944 4053 ,
2971 3988 3038 4044 iis
3070 3991 3403 4060 perferendis
3426 3977 3498 4047 ita

1898 4095 1960 4137 se
1996 4081 2317 4136 clementem
2346 4094 2412 4134 ac
2438 4090 2774 4141 mansuetum
2801 4079 3008 4150 praebet
3035 4097 3050 4134 :
3083 4082 3131 4136 is
3155 4096 3307 4151 vero,
3329 4083 3375 4138 si
3400 4099 3500 4138 nos

1899 4171 2081 4228 debito
2109 4171 2301 4227 timore
2323 4169 2392 4226 ad
2418 4185 2480 4228 se
2508 4170 2828 4226 accedentes
2855 4170 3081 4236 viderit,
3113 4187 3295 4228 nonne
3318 4173 3498 4229 subita

1900 4263 2268 4319 misericordia
2294 4262 2578 4332 capietur?
2601 4262 2812 4327 Audite,
2846 4262 3052 4333 inquit,
3077 4263 3202 4336 quid
3219 4266 3386 4336 jndea:
3403 4268 3498 4321 ini-

1899 4355 2107 4424 quitatis
2143 4353 2313 4408 dicat:
2337 4351 2450 4407 Etsi
2495 4351 2666 4406 Deum
2719 4369 2823 4408 non
2869 4355 3056 4419 timeo,
3101 4370 3196 4410 nec
3247 4355 3502 4411 hominem

1899 4462 2131 4500 revereor
2147 4487 2164 4511 ,
2190 4456 2358 4499 tamen
2381 4445 2502 4516 quia
2534 4445 2745 4500 molesta
2773 4455 2848 4500 est
2872 4447 2996 4500 mihi
3027 4447 3138 4502 hac
3167 4448 3319 4503 uidua
3343 4492 3359 4518 ,
3385 4452 3500 4504 uin-

1901 4540 2081 4594 dicabo
2121 4555 2254 4594 eam.
2303 4537 2440 4606 Quid
2486 4537 2661 4593 dicis?
2683 4537 2828 4609 quod
2858 4555 2973 4594 non
3004 4541 3176 4610 potuit
3212 4542 3380 4598 timor
3401 4585 3417 4608 ,
3447 4545 3500 4599 id

1901 4629 2206 4686 obsecratio
2239 4629 2446 4698 potuit?
2490 4627 2606 4683 Non
2659 4631 2820 4684 minas
2849 4671 2866 4697 ,
2898 4645 3004 4685 non
3049 4632 3299 4702 supplicii
3325 4644 3503 4690 metus

1903 4720 2178 4775 hominem
2211 4718 2280 4773 ad
2321 4719 2630 4789 tequitatem
2659 4718 2916 4775 deduxit:
2945 4729 3000 4776 at
3027 4722 3183 4778 vidua
3207 4765 3240 4788 ,ι
3255 4724 3345 4780 ubi
3372 4743 3500 4798 sup-

1901 4812 2026 4880 plex
2053 4810 2278 4868 accessit
2299 4851 2316 4875 ,
2357 4808 2632 4865 hominem
2654 4825 2723 4865 ex
2754 4813 2952 4880 agresti
2976 4819 3034 4868 et
3062 4812 3285 4870 immani
3317 4819 3502 4873 mitem

1899 4903 2134 4960 reddidit
2167 4918 2233 4960 ac
2257 4913 2617 4960 mansuetum.
2652 4903 2792 4972 Quid
2821 4906 2985 4976 igitur
3008 4906 3078 4964 de
3104 4909 3217 4964 Deo
3240 4911 3296 4965 in
3323 4911 3499 4967 homi-

1902 5012 2027 5051 nem
2079 4986 2465 5065 hen'ignissimo
2501 4996 2830 5052 censendum
2852 5007 2935 5053 est
2967 5037 2983 5062 ,
3013 5013 3139 5055 cum
3165 5001 3322 5063 vidua
3351 5017 3412 5059 se
3434 5007 3502 5058 ait

1904 5088 2068 5158 pedes
2086 5088 2366 5156 abjiclens,
2394 5087 2567 5143 ferum
2591 5088 2862 5144 hominem
2891 5089 3107 5148 lenierit
3130 5107 3196 5148 ac
3220 5094 3505 5166 mitigarit?

1901 5190 2162 5252 quantum
2184 5181 2468 5244 bonitatis,
2496 5191 2754 5251 quantum
2792 5181 3142 5255 benignitatis
3166 5195 3328 5257 atque
3346 5203 3501 5243 amo.

1904 5277 1980 5331 ris
2011 5276 2063 5330 in
2101 5287 2201 5328 nos
2231 5273 2514 5344 patefaciet
2544 5273 2693 5330 Deus
2713 5315 2731 5341 ,
2760 5275 2855 5346 qui
2891 5277 3066 5332 solum
3095 5278 3212 5334 vult
3244 5291 3505 5352 perpetuo

1903 5364 2146 5421 misereri
2169 5403 2189 5431 ,
2216 5365 2404 5434 punire
2442 5379 2730 5435 numquam
2757 5365 2782 5420 τ
2806 5366 2898 5437 q'ui
2936 5375 2993 5424 et
3040 5369 3298 5441 supplicia
3349 5371 3504 5426 nobis

1903 5460 1974 5513 ob
2006 5457 2258 5512 eximiam
2305 5456 2693 5514 humanitatem
2729 5459 3091 5517 comminatur
3125 5504 3143 5530 ,
3183 5473 3239 5519 et
3281 5480 3505 5536 magnus

1907 5552 2067 5608 habet
2106 5561 2322 5622 paratos
2367 5551 2602 5607 honores
2646 5591 2664 5618 ,
2715 5561 2774 5607 ut
2829 5568 2953 5610 cum
2985 5557 3190 5622 timor,
3218 5567 3336 5612 tum
3380 5572 3505 5629 spes

1905 5642 2130 5698 honoris
2173 5651 2320 5708 recta
2364 5657 2466 5698 nos
2505 5641 2798 5700 deduceret
2827 5684 2844 5709 ,
2890 5653 2948 5700 et
2989 5661 3118 5715 spes
3166 5646 3382 5718 quidem
3435 5649 3503 5703 ad

1905 5737 2157 5790 virtutem
2177 5735 2476 5800 excitaret,
2523 5744 2702 5791 metus
2742 5752 2873 5793 vero
2923 5753 2953 5792 a
2994 5738 3141 5794 vitiis
3167 5739 3503 5797 deterreret!

1907 5825 2025 5882 Non
2053 5839 2192 5899 queo
2238 5824 2308 5892 sb
2331 5824 2628 5896 iniquitatis
2647 5825 2829 5897 judice
2849 5840 3075 5886 avocare
3092 5841 3350 5900 mentem,
3374 5830 3510 5887 dum
