4066 6434
588 415 693 470 785

585 527 636 578 in
669 524 812 579 illius
838 527 1258 603 mansuetudine,
1283 543 1401 593 qua:
1424 540 1613 596 praeter
1638 537 1878 581 naturam
1907 535 2044 592 erat,
2078 528 2157 581 in.

581 615 949 683 explicabilem
995 617 1086 670 Dei
1134 618 1511 672 humanitatem
1558 635 1681 687 erga
1736 619 1979 674 homines
2005 635 2158 674 amo—

584 720 803 774 remque
836 709 1186 776 contetnplor.
1236 708 1367 764 Nam
1408 710 1451 763 si
1484 710 1526 762 is
1555 751 1570 770 ,
1603 710 1692 771 qui
1734 709 1865 763 nihil
1910 726 2159 776 umquam

588 795 710 850 boui
751 807 1004 865 prmiare
1047 799 1320 862 voluerat,
1362 800 1670 853 immutatus
1708 808 1962 867 repente,
1995 799 2159 860 illius,

584 900 704 953 qua:
740 885 990 955 rogabat,
1037 886 1395 942 misericordia
1439 897 1738 942 commotus
1763 897 1878 950 est,
1907 897 2160 958 quantum

587 975 857 1032 felicitatis
895 994 925 1032 e
963 979 1094 1032 caelo
1133 979 1186 1033 in
1227 994 1323 1033 nos
1363 980 1607 1048 precibus
1649 981 2001 1035 redundabit?
2026 979 2163 1034 San-

587 1076 792 1119 ctarum
830 1068 990 1136 igitur
1020 1070 1379 1137 precationum
1410 1071 1573 1124 robur
1601 1085 1663 1125 ac
1687 1072 1790 1125 vim
1813 1072 1982 1141 quivis
2008 1071 2164 1126 facile

588 1165 792 1223 cernet,
824 1158 912 1227 qui
943 1169 1136 1227 quanta
1159 1159 1418 1213 bonorum
1446 1162 1598 1229 copia
1621 1162 1809 1217 diebus
1836 1170 1993 1232 atque
2020 1162 2164 1216 horis

589 1239 814 1315 singulis
849 1249 1089 1302 fruantur
1133 1251 1164 1303 ii
1196 1289 1213 1315 ,
1261 1252 1350 1320 qui
1379 1267 1436 1306 se
1464 1267 1797 1322 quocumque
1836 1264 2071 1320 tempore
2098 1253 2165 1307 ad

594 1335 686 1390 Dei
712 1337 876 1406 pedes
895 1339 1169 1405 abjiciunt,
1199 1341 1634 1396 consideraverit.
1666 1343 1795 1411 Quis
1821 1345 1960 1397 enim
1991 1344 2162 1396 lucem

590 1426 740 1488 solis,
772 1427 907 1480 luna:
932 1468 945 1488 ,
984 1439 1142 1496 atque
1181 1430 1454 1484 stellarum
1488 1473 1503 1496 ,
1533 1433 1649 1484 c:eli
1683 1433 2116 1500 temperationem
2148 1474 2163 1500 ,

591 1516 732 1567 varia
758 1516 997 1570 ciborum
1021 1534 1212 1586 genera
1237 1561 1250 1580 ,
1281 1520 1520 1585 divitias,
1553 1522 1732 1583 vitam,
1767 1524 2164 1577 innumerabilia

594 1608 730 1663 bona
757 1610 1002 1664 omnibus
1024 1611 1344 1678 hominibus,
1367 1625 1421 1669 et
1451 1615 1628 1680 probis
1648 1623 1701 1668 et
1727 1614 1979 1683 improbis
2008 1630 2036 1667 a
2064 1615 2170 1668 Deo

597 1714 750 1768 a-que
772 1700 884 1752 dari
905 1710 960 1755 et
985 1700 1242 1769 impertiri
1276 1719 1380 1756 non
1411 1704 1588 1769 videt,
1620 1705 1780 1772 idque
1821 1717 2034 1773 propter
2054 1708 2170 1758 exi-

598 1789 758 1843 miam
778 1805 926 1844 suam
955 1792 1003 1845 in
1033 1807 1130 1846 nos
1153 1793 1566 1863 benignitatem?
1591 1797 1742 1862 Quod
1769 1797 1812 1849 si
1840 1811 1934 1850 eos
1961 1797 2051 1865 qui
2073 1801 2171 1851 mi-

599 1880 742 1933 nime
769 1890 957 1948 rogant
982 1892 1072 1935 aut
1100 1893 1303 1950 petunt,
1337 1886 1405 1939 ita
1433 1886 1712 1940 miseratur
1733 1887 1784 1941 in
1814 1888 1928 1942 dies
1953 1905 2014 1943 ac
2045 1893 2169 1944 reti-

595 1969 669 2020 cit
692 2008 708 2033 ,
749 1971 958 2038 quantis
985 1970 1136 2024 bonis
1164 1987 1256 2026 eos
1279 1973 1377 2027 frui
1404 1990 1499 2044 par
1518 1987 1598 2028 est
1621 2017 1636 2042 ,
1663 1979 1750 2045 qui
1777 1977 1828 2030 in
1854 1978 2101 2047 precibus
2121 1989 2176 2033 ct

599 2060 1055 2118 obsecrationibus
1082 2075 1292 2119 aetatem
1318 2077 1480 2136 agunt
1505 2068 1528 2121 τ
1569 2069 1683 2122 .Iam
1709 2085 1837 2123 vero
1865 2079 1919 2125 et
1945 2082 2174 2139 quantus

595 2150 860 2219 iustorum
912 2155 1141 2208 virorum
1189 2157 1257 2209 sit
1303 2174 1554 2213 numerus
1581 2201 1595 2223 ,
1640 2162 1831 2229 quibus
1876 2163 2023 2216 licuit
2076 2165 2177 2232 piis

605 2242 850 2308 precibus
869 2253 1072 2310 gentes,
1102 2246 1281 2310 urbes,
1313 2256 1571 2303 terrarum
1603 2252 1784 2306 orbem
1811 2267 2128 2307 conservare
2155 2295 2172 2319 ,

602 2331 751 2386 vobis
799 2333 1009 2388 tandem
1054 2336 1375 2404 aperiamus.
1407 2340 1473 2392 Et
1507 2341 1718 2409 quidem
1765 2343 1832 2396 de
1877 2343 2179 2412 precatione

599 2438 721 2477 cum
742 2426 933 2494 agitur,
954 2426 1021 2481 de
1047 2429 1212 2483 Paulo
1225 2431 1449 2498 primum
1476 2432 1737 2500 agendum
1765 2445 1874 2498 est;
1898 2436 1965 2490 de
1989 2435 2174 2502 Paulo,

603 2513 815 2583 inquam
849 2557 865 2580 ,
899 2517 985 2570 illo
1014 2559 1028 2577 ,
1058 2519 1146 2587 qui
1178 2519 1227 2572 in
1263 2520 1370 2574 Deo
1399 2521 1624 2576 colendo
1649 2538 1712 2577 ac
1741 2525 2004 2592 precando
2027 2543 2177 2580 num-

605 2619 762 2671 quam
792 2605 1210 2674 defatigabatur;
1253 2613 1518 2665 communi
1548 2622 1695 2680 patre
1720 2621 1775 2668 et
1802 2615 2036 2685 principe
2061 2632 2177 2670 ser-

602 2707 788 2746 vorum
833 2693 1049 2750 Christi.
1106 2697 1195 2752 Ille
1250 2701 1407 2768 igitur
1453 2705 1681 2757 universi
1731 2713 1990 2759 terrarum
2039 2708 2182 2762 Orbis

602 2792 783 2838 custos
820 2786 1047 2840 assiduis
1094 2789 1336 2856 precibus
1379 2807 1566 2846 omnes
1601 2805 1786 2862 gentes
1824 2804 2020 2850 tutatus
2058 2809 2134 2852 est
2164 2838 2180 2863 ,

608 2873 759 2927 nobis
789 2890 1000 2945 semper
1036 2878 1249 2932 dicens:
1281 2878 1558 2950 Pmpterea
1585 2884 1732 2953 ﬂecto
1771 2903 1935 2956 genua
1973 2905 2084 2940 mea
2114 2890 2183 2942 ad

607 2963 813 3017 Patrem
836 2964 1039 3019 Domini
1081 2970 1238 3021 nostri
1260 2969 1382 3024 Jesu
1421 2972 1636 3038 Christi,
1665 2976 1800 3028 unde
1819 2978 1980 3030 omnis
2006 2988 2178 3045 pater-

605 3055 737 3108 nitas
777 3055 829 3107 in
870 3057 993 3110 creto
1028 3069 1073 3111 et
1111 3059 1162 3111 in
1205 3070 1338 3114 terra
1380 3066 1712 3129 nominatur;
1749 3077 1803 3119 ut
1838 3068 1918 3120 det
1947 3071 2080 3123 vobis
2103 3087 2184 3123 se-

606 3145 827 3196 cundum
853 3146 1054 3200 divitias
1082 3151 1260 3217 gratia:
1295 3167 1402 3204 sua!
1433 3192 1448 3214 ,
1488 3162 1542 3205 ut
1583 3156 1762 3209 virtute
1791 3159 2181 3212 corroboremini

601 3249 695 3302 per
719 3233 966 3302 Spiritum
990 3241 1099 3309 ejus
1127 3241 1178 3292 in
1200 3241 1422 3294 interiori
1459 3245 1657 3298 homine
1689 3287 1704 3311 ,
1751 3257 1802 3299 ut
1831 3247 2058 3304 Christus
2093 3269 2185 3320 pt’t‘

607 3322 760 3387 ﬁdem
792 3325 844 3377 in
884 3327 1117 3382 cordibus
1145 3333 1316 3383 vestris
1337 3332 1576 3387 inhabitet
1603 3334 1817 3408 (Ep/tes.
1847 3338 1899 3392 5.
1932 3341 1998 3394 id
2017 3369 2046 3380 -
2069 3342 2183 3409 17).

613 3411 770 3468 Vides
797 3415 971 3484 igitur,
995 3429 1246 3487 quantum
1270 3423 1458 3477 virium
1487 3425 1676 3480 habeat
1702 3438 1861 3498 atque
1888 3445 2175 3486 nervorum

616 3508 855 3571 precatio
891 3518 942 3562 et
973 3509 1310 3564 obsecratio?
1339 3513 1557 3584 Templa
1599 3517 1798 3573 Christi
1837 3520 2078 3576 homines
2105 3523 2187 3576 ef-

613 3594 754 3649 ficit:
776 3606 936 3666 atque
959 3609 1016 3653 ut
1039 3615 1170 3655 auro
1193 3613 1246 3656 et
1269 3603 1526 3672 lapidibus
1544 3611 2012 3676 prarstantissimis,
2043 3629 2184 3666 mar-

612 3686 951 3756 litoribusque
977 3690 1167 3746 domus
1195 3695 1352 3763 regize
1378 3705 1643 3761 constant,
1672 3701 1748 3754 sic
1773 3703 1967 3770 templa
1990 3702 2186 3758 Christi

611 3779 1021 3844 precationibus.
1052 3781 1118 3839 Ut
1147 3785 1370 3853 habitet,
1404 3789 1592 3858 inquit,
1620 3790 1848 3846 Christus
1873 3794 1924 3847 in
1953 3796 2185 3850 cordibus

608 3870 799 3922 uestris.
826 3870 957 3936 Quin
987 3876 1156 3943 major
1175 3881 1490 3945 precationis
1508 3883 1622 3936 laus
1647 3897 1765 3938 esse
1792 3885 1998 3954 possit,
2029 3883 2183 3955 quam

609 3959 750 4024 quod
799 3959 995 4018 Christi
1045 3968 1240 4037 templa
1271 3985 1335 4024 ex
1373 3986 1434 4026 ca
1465 3970 1577 4026 fieri
1604 3973 1852 4028 soleant?
1879 3977 2045 4041 Quem
2079 3991 2182 4029 non

611 4051 826 4118 capiunt
849 4055 1090 4111 caelestes
1115 4059 1270 4114 orbes
1300 4102 1314 4125 ,
1344 4063 1388 4114 is
1419 4065 1470 4117 in
1496 4065 1729 4119 animum
1755 4106 1769 4129 ,
1798 4069 1886 4136 qui
1919 4068 1970 4120 in
1998 4084 2183 4136 preca-

613 4142 758 4196 tione
786 4145 944 4199 vitam
969 4148 1123 4202 ducat
1141 4191 1156 4214 ,
1202 4151 1512 4218 ingreditur.
1539 4154 1731 4209 Catum
1757 4169 1828 4211 est
1853 4159 1978 4210 mihi
2001 4159 2142 4211 sedes
2164 4201 2181 4225 ,

616 4232 802 4301 inquit,
833 4244 967 4290 terra
1001 4253 1115 4292 vero
1152 4242 1423 4296 scabelluin
1472 4244 1656 4312 pedum
1695 4262 1938 4300 nieorum.
1973 4249 2186 4312 Qualem

613 4322 815 4373 domum
843 4325 1158 4392 wdiﬁcabitis
1187 4332 1310 4383 mihi
1334 4372 1348 4396 ,
1379 4334 1448 4385 ait
1483 4334 1734 4390 Dominus
1761 4377 1776 4402 ,
1809 4337 1887 4389 vel
1909 4339 2020 4400 quis
2047 4339 2186 4391 locus

613 4415 1095 4468 commemorationis
1134 4424 1290 4484 ιηεω(
1317 4419 1446 4473 Isai.
1487 4421 1576 4476 66.
1618 4424 1639 4477 i
1677 4423 1738 4488 Η
1767 4426 1927 4495 Atqui
1969 4427 2185 4480 domum

614 4495 809 4551 Paulus
840 4517 934 4568 per
973 4514 1185 4559 sanctas
1214 4523 1400 4578 preces
1422 4511 1649 4566 trdificat
1678 4515 1718 4568 '.
1753 4513 1958 4578 Flecte,
1986 4519 2185 4586 inquit,

614 4601 777 4676 genua
813 4606 924 4644 meo
967 4594 1035 4646 ad
1072 4594 1277 4651 Patrem
1305 4599 1512 4655 Domini
1535 4605 1694 4658 nostri
1725 4604 1850 4660 Jesu
1880 4608 2101 4676 Christi,
2137 4621 2189 4664 ut

617 4675 845 4774 Christus
872 4699 962 4751 per
985 4685 1138 4753 ﬁdem
1176 4690 1228 4742 in
1272 4693 1508 4750 cordibus
1527 4699 1701 4752 vestris
1727 4700 1986 4757 inhabitet.
2019 4706 2190 4774 Atque

617 4765 741 4822 hinc
772 4771 931 4862 etiam
975 4788 1276 4834 sanctarum
1309 4787 1665 4851 preeationum
1692 4790 1797 4843 vim
1834 4793 2059 4862 quisque
2101 4765 2192 4850 eo.

614 4861 888 4921 guoverit:
910 4882 1029 4920 nam
1055 4884 1174 4924 cum
1200 4872 1338 4928 idem
1366 4875 1559 4930 Paulus
1581 4893 1793 4933 onmem
1822 4861 2080 4939 terrarum
2104 4903 2192 4940 or-

619 4947 737 5004 bem
763 4996 777 5019 ,
801 4959 954 5024 quasi
995 4961 1226 5016 volucris
1252 4965 1429 5031 aliqua
1458 5008 1474 5030 ,
1512 4970 1809 5038 pervolaret
1829 5013 1844 5036 ,
1897 4974 1947 5026 in
1973 4990 2191 5033 carcere

615 5061 920 5104 versaretur
947 5092 964 5117 ,
998 5051 1198 5123 ﬂagella
1229 5057 1526 5125 perferret,
1569 5071 1786 5117 catenas
1819 5077 2048 5133 gestaret
2076 5110 2090 5130 ,
2140 5070 2189 5122 in

616 5141 854 5197 caedibus
879 5159 942 5198 ac
981 5147 1231 5215 periculis
1260 5149 1498 5218 viveret,
1548 5152 1819 5208 dmmoues
1854 5159 2145 5225 ρχρριῐνι-ει
2176 5201 2188 5220 ,

621 5230 865 5288 homines
914 5249 944 5288 a
997 5239 1220 5293 mortuis
1261 5242 1551 5308 excitaret,
1594 5244 1810 5299 morbos
1849 5259 2089 5302 curaret:
2124 5251 2190 5304 ad

622 5321 894 5378 hominum
927 5336 1103 5383 tamen
1131 5331 1352 5385 salutem
1382 5333 1567 5388 harum
1589 5351 1767 5390 rerum
1783 5339 1923 5391 nulla
1949 5341 2190 5396 conlide-

625 5411 732 5479 but,
765 5415 856 5469 sed
886 5420 1133 5485 precibus
1159 5430 1328 5476 terras
1355 5425 1750 5480 communiebat
1776 5469 1790 5490 ,
1820 5437 1876 5482 et
1902 5439 2017 5497 post
2046 5431 2189 5485 edita

625 5507 900 5573 miracula,
928 5512 1192 5582 vitamque
1217 5516 1438 5569 mortuis
1466 5519 1784 5582 restitutam,
1807 5519 1872 5573 ad
1903 5537 2083 5589 preces
2115 5539 2192 5577 re-

623 5596 886 5663 currebat,
909 5614 1016 5654 non
1035 5616 1190 5656 secus
1215 5611 1374 5672 atque
1391 5605 1586 5661 athleta
1615 5607 1681 5662 ad
1707 5609 2019 5677 paitnstram,
2042 5625 2190 5680 parta

626 5687 864 5743 victoria.
895 5689 1103 5746 Etenim
1126 5694 1246 5757 vita:
1276 5699 1498 5750 mortuis
1524 5700 1867 5755 restituendae
1896 5741 1912 5766 ,
1942 5704 2188 5757 aliarum-

689 5778 706 5853 ἡ
733 5780 811 5853 sic
831 5779 1011 5852 legitur
1027 5784 1243 5853 iuSaviln
1258 5787 1306 5834 In
1320 5786 1463 5853 edito
1485 5798 1647 5853 autem
1669 5791 1740 5840 sic
1757 5804 1770 5838 :
1788 5790 1980 5850 qualem
1998 5795 2191 5843 domum

626 5841 800 5892 Paulus
822 5841 993 5893 amittis
1014 5847 1233 5905 precibus
1250 5845 1463 5900 wdiﬁcat
1488 5846 1512 5898 7

1335 411 1390 465 S.
1432 413 1710 468 ιυλκκιε
1751 414 2122 472 (IlillYSOST.
2165 414 2488 470 ARClllEP.
2531 416 3055 472 CUNSTANTINOP.

3757 405 3857 461 γει

2273 542 2380 595 que
2425 543 2600 581 rerum
2646 530 2879 582 ninnium
2928 531 3030 582 vim
3080 531 3314 597 precatio
3373 544 3475 583 una
3516 529 3856 599 suppeditat:

2274 617 2465 670 merito
2504 619 2717 686 quidem
2754 638 2765 671 :
2810 635 2968 688 quam
3013 619 3154 672 enim
3189 620 3293 672 vim
3326 621 3380 672 iu
3427 620 3708 674 arboribus
3761 618 3860 672 ha-

2274 705 2404 759 bent
2431 721 2581 775 aquae
2616 749 2630 772 ,
2659 708 2902 762 eamdem
2939 707 2992 761 in
3031 707 3131 761 hac
3152 709 3258 762 vita
3287 718 3590 762 sanctorum
3624 711 3862 763 virorum

2276 797 2630 864 precationes.
2661 797 2832 851 Noctu
2861 813 2980 851 cum
3016 799 3097 852 his
3117 799 3352 852 animum
3381 799 3574 851 Paulus
3593 798 3863 866 irrigarel,

2275 883 2616 939 dilticuhates
2647 887 2797 940 facile
2825 887 3113 954 superabat
3144 927 3158 952 ,
3203 897 3253 941 et
3278 888 3446 956 plagis
3475 885 3694 940 dorsum
3730 898 3870 940 tam-

2278 992 2436 1043 quam
2465 988 2636 1030 statua
2678 979 2964 1045 pra-bebat.
3009 977 3082 1032 lta
3130 979 3180 1030 in
3217 978 3522 1032 Macedonia
3565 977 3867 1031 custodiam

2277 1069 2579 1133 concussit;
2621 1069 2691 1121 ita
2734 1070 2941 1121 vincula
2975 1068 3218 1136 precibus
3247 1065 3510 1137 confregit
3555 1078 3610 1120 ut
3648 1068 3768 1131 leo;
3797 1067 3869 1120 ita

2277 1159 2510 1210 carceris
2539 1158 2815 1211 custodem
2846 1158 2913 1211 ab
2940 1173 3129 1212 errore
3157 1156 3435 1221 liberavit;
3461 1157 3528 1210 ita
3563 1157 3871 1211 dzemonum

2281 1250 2615 1319 tyrannidem
2648 1249 2843 1303 delevit
2867 1260 3024 1318 atque
3045 1248 3286 1302 dissolvit
3308 1248 3325 1319 (
3350 1249 3462 1300 Act.
3484 1247 3548 1301 l6
3575 1247 3617 1318 ).
3649 1250 3714 1300 lit
3739 1263 3874 1302 sane

2285 1351 2408 1392 nota
2431 1351 2552 1393 sunt
2573 1357 2656 1402 ea,
2674 1356 2791 1408 qum
2809 1339 2874 1392 ad
2895 1356 3079 1394 omnes
3096 1339 3337 1394 homines
3352 1339 3556 1404 scribit,
3578 1339 3660 1390 Ad
3677 1341 3876 1392 oratio-

2281 1446 2394 1482 nem
2436 1430 2706 1481 incumbite
2733 1470 2748 1494 ,
2791 1431 3053 1499 vigilantes
3103 1431 3157 1483 in
3204 1445 3263 1481 ea
3291 1471 3307 1494 ,
3358 1430 3412 1482 in
3460 1430 3739 1482 arutiarum
3787 1446 3877 1482 ac—

2280 1523 2458 1584 tione;
2507 1521 2658 1574 sinml
2707 1525 2858 1573 etiam
2907 1538 2999 1590 pro
3059 1537 3137 1573 me
3188 1531 3365 1583 orate,
3423 1530 3479 1573 ut
3532 1522 3656 1573 mihi
3708 1538 3877 1574 sermo

2280 1610 2427 1662 detur
2451 1612 2504 1662 in
2532 1612 2786 1676 apertione
2814 1613 2912 1662 oris
2930 1606 3025 1662 m'ei
3040 1627 3154 1662 cum
3175 1609 3640 1680 ﬁducia,utloquar
3653 1608 3880 1677 Evange-

2284 1701 2338 1752 lii
2360 1703 2646 1770 mysterium
2664 1703 2794 1770 (Col.
2815 1704 2924 1756 4.2.
2942 1704 3018 1773 5).
3035 1703 3169 1770 Quid
3188 1702 3290 1757 ais?
3312 1712 3512 1756 tantam
3539 1703 3692 1756 nobis
3711 1703 3878 1756 auda-

2282 1792 2418 1844 ciam
2445 1808 2626 1860 preces
2656 1795 2910 1858 tribuunt,
2937 1803 2995 1847 ut
3026 1795 3133 1847 Deo
3148 1810 3241 1863 pro
3265 1794 3427 1848 Paulo
3453 1794 3755 1862 supplicare
3781 1808 3878 1846 au-

2239 1883 2246 1888 ’
2283 1882 2535 1936 deamus?
2562 1883 2678 1951 quis
2709 1883 2858 1937 miles
2881 1899 3056 1952 regem
3083 1899 3177 1952 pro
3197 1899 3405 1938 summo
3420 1883 3556 1938 duce
3574 1883 3767 1937 audeat
3782 1883 3880 1936 ob—

2284 1973 2532 2028 secrarc?
2547 1975 2616 2026 At
2649 1973 2825 2026 nullus
2851 1975 3002 2027 miles
3029 1974 3136 2043 regi
3167 1974 3236 2028 ita
3267 1990 3423 2028 carus
3450 1983 3505 2029 et
3528 1975 3730 2030 amicus
3756 1975 3880 2039 fuit,

2287 2075 2344 2117 ut
2373 2064 2564 2117 Paulus
2598 2065 2739 2128 Deo;
2774 2065 2865 2119 sed
2901 2074 3074 2120 tamen
3097 2081 3278 2136 preces
3307 2076 3511 2120 tantum
3547 2066 3701 2120 nobis
3743 2066 3880 2121 affe-

2287 2165 2410 2209 runt
2430 2156 2700 2224 dignitatis
2729 2164 2788 2208 ut
2817 2156 3051 2210 divinum
3091 2157 3342 2210 auxilium
3374 2157 3542 2212 Paulo
3590 2156 3884 2226 implorare

2290 2265 2395 2302 non
2424 2249 2746 2302 dubitemus.
2778 2247 2850 2302 lla
2880 2249 3068 2303 Petrus
3097 2249 3184 2302 ille
3223 2265 3487 2311 summus,
3517 2249 3650 2303 caelo
3697 2247 3883 2317 splen-

2289 2340 2496 2402 didior,
2528 2354 2796 2392 carcerem
2842 2337 3024 2407 effugit
3061 2339 3130 2392 ob
3169 2353 3320 2393 suam
3359 2339 3572 2408 quidem
3627 2341 3884 2393 virtutem

2289 2430 2712 2500 probitatemque
2729 2431 3137 2498 potissimum,et
3156 2431 3224 2484 ob
3244 2447 3581 2486 communem
3604 2433 3884 2485 hominum

2289 2521 2543 2584 salutem;
2566 2520 2757 2574 deinde
2776 2537 2900 2574 vero
2919 2521 3171 2575 Ecclesia:
3187 2522 3490 2591 deprecatio
3505 2522 3752 2576 celeriter
3771 2538 3888 2575 can-

2291 2619 2428 2666 ceris
2467 2613 2604 2666 fores
2639 2614 2864 2683 aperuit.
2905 2613 3022 2668 Non
3054 2615 3196 2668 enim
3234 2623 3433 2667 temere
3466 2614 3679 2682 scripsit
3707 2613 3886 2668 Lucas

2294 2705 2426 2772 (Act.
2443 2703 2530 2757 12.
2545 2705 2600 2772 5)
2613 2746 2625 2766 ,
2642 2720 2826 2773 preces
2842 2720 2936 2770 pro
2949 2705 3104 2758 Petro
3116 2705 3357 2758 assiduas
3372 2706 3438 2758 ab
3456 2704 3695 2760 Ecclesia
3714 2706 3883 2767 fusas;

2292 2793 2384 2850 sed
2409 2804 2511 2848 uta
2531 2795 2683 2848 nobis
2699 2796 3102 2865 intelligeretur,
3119 2804 3367 2864 quantam
3389 2796 3494 2849 vim
3517 2796 3744 2850 habeant
3766 2811 3886 2865 pre.

2293 2885 2532 2938 cationes
2553 2886 2606 2938 in
2623 2886 2772 2948 caelo,
2801 2895 2907 2938 uta
2931 2886 3176 2953 periculis
3196 2887 3410 2941 Petrum
3438 2896 3493 2942 et
3519 2887 3739 2942 Paulum
3771 2890 3884 2942 eri-

2297 2973 2461 3043 piant,
2490 2974 2744 3028 Ecclesia:
2775 2976 3068 3038 columnas,
3097 2977 3459 3046 apostolorum
3511 2979 3794 3047 principes,
3828 2980 3881 3031 in

2293 3069 2425 3122 crelo
2462 3067 2858 3130 celeberrimos,
2891 3076 3148 3120 terrarum
3179 3068 3323 3120 orbis
3349 3068 3566 3133 mmnia,
3596 3084 3883 3124 commune

2296 3159 2457 3212 totius
2525 3165 2677 3209 terrae
2737 3157 3003 3224 marisque
3057 3157 3530 3225 prOpugnaculum.
3595 3160 3707 3224 Age
3751 3172 3882 3211 vero

2299 3249 2543 3304 lsraelem
2575 3247 2746 3300 Moses
2771 3247 2823 3299 iu
2854 3246 3008 3300 bellis
3035 3261 3135 3314 qua
3163 3248 3370 3299 ratione
3401 3247 3676 3301 servavit?
3698 3262 3883 3302 nonne

2295 3352 2441 3390 arma
2487 3335 2731 3404 quidem,
2771 3344 2825 3388 et
2866 3335 3156 3389 exercitum
3199 3334 3459 3403 discipulo
3498 3336 3733 3400 tradidit,
3765 3337 3885 3406 ipsc

2295 3445 2423 3484 vero
2465 3429 2698 3484 hostium
2734 3427 3053 3482 multitudini
3102 3427 3433 3497 precationes
3475 3428 3886 3497 opposuit‘tnos

2297 3531 2354 3575 ut
2382 3521 2617 3585 doceret,
2649 3520 2816 3572 multo
2855 3519 3108 3587 majorem
3137 3517 3190 3570 in
3220 3517 3466 3586 precibus
3506 3519 3768 3585 iustorum
3798 3520 3885 3573 vi—

2296 3629 2501 3676 rerum,
2548 3627 2706 3681 quam
2733 3612 2786 3664 in
2813 3611 2995 3672 armis,
3036 3610 3294 3678 equitatu,
3326 3608 3535 3678 opibus,
3565 3609 3734 3678 copiis
3772 3609 3884 3663 vim

2297 3703 2491 3756 inesse.
2520 3701 2805 3769 Propterea
2846 3701 3123 3753 universus
3168 3700 3326 3753 etiam
3371 3699 3656 3763 exercitus,
3684 3700 3883 3753 multa-

2297 3808 2400 3861 que
2425 3791 2696 3847 hominum
2727 3792 2890 3844 millia
2922 3793 2974 3844 in
3005 3789 3279 3858 prophetae
3313 3790 3560 3859 precibus
3607 3805 3758 3859 spem
3789 3806 3884 3844 sa-

2297 3885 2420 3937 lutis
2447 3882 2728 3938 habebant.
2753 3881 2908 3944 Nam,
2942 3889 3192 3950 precante
3207 3879 3369 3942 Mose,
3397 3879 3564 3934 Judtei
3602 3881 3884 3935 victoriam

2297 3976 2634 4044 reportabant
2667 3972 2862 4044 (Exod.
2892 3974 2977 4027 Π.
3005 3972 3090 4026 10.
3118 3971 3229 4041 ll);
3253 3987 3282 4025 a
3305 3972 3549 4040 precibus
3562 3970 3884 4037 desistente,

2296 4079 2448 4122 erant
2480 4067 2719 4120 hostibus
2742 4065 3041 4118 inferiores.
3071 4063 3181 4118 Nos
3207 4079 3416 4131 quoque
3446 4063 3489 4117 si
3521 4077 3794 4119 versemur
3820 4063 3883 4118 in

2297 4161 2564 4231 precibus,
2597 4158 2749 4212 facile
2773 4156 3042 4210 diabolum
3091 4155 3487 4224 superabimus;
3516 4163 3570 4208 at
3597 4155 3641 4208 si
3667 4155 3888 4224 segnio-

2299 4267 2383 4306 res
2413 4252 2598 4315 simus,
2631 4250 2683 4303 in
2711 4264 2808 4303 nos
2838 4249 3042 4303 hostem
3077 4247 3375 4316 improbum
3418 4261 3747 4301 exercemus.
3778 4249 3886 4302 At-

2297 4343 2385 4411 qui
2413 4341 2585 4395 Moses
2609 4340 2860 4410 populum
2888 4354 3098 4409 qnoque
3138 4339 3296 4407 impia
3337 4346 3727 4407 perpetrantem
3773 4353 3884 4393 uua

2300 4433 2604 4501 precatione
2641 4431 2894 4494 servavit,
2939 4427 3283 4496 divinumque
3322 4427 3629 4495 adepectum
3650 4434 3705 4480 et
3728 4427 3887 4480 innuo

2298 4523 2565 4577 merabilia
2594 4522 2734 4576 bona
2777 4537 2872 4590 per
2911 4534 3095 4589 preces
3133 4527 3335 4572 tantum
3374 4525 3731 4586 consequutus
3775 4527 3885 4571 est.

2299 4615 2423 4670 llrec
2447 4615 2588 4668 enim
2613 4614 2686 4667 illi
2708 4613 2866 4665 vitam
2894 4624 3104 4681 quoque
3131 4609 3432 4664 conciliavit
3452 4609 3742 4663 incolarum
3762 4609 3888 4664 caeli

2301 4707 2642 4776 persimilem.
2671 4702 2916 4757 Precatio
2942 4701 3076 4770 ignis
3103 4701 3206 4752 vim
3232 4699 3520 4768 superavit,
3545 4698 3727 4752 leones
3745 4697 3888 4750 edo-

2298 4800 2430 4853 muit
2457 4815 2470 4861 ;
2501 4811 2726 4867 quorum
2757 4794 2980 4848 alterum
3008 4791 3234 4856 Danieli,
3271 4792 3496 4845 alterum
3520 4789 3687 4843 tribus
3702 4791 3888 4858 pueris

2298 4891 2516 4960 contigit
2549 4888 2708 4960 (Dan.
2731 4887 2783 4941 6.
2815 4886 2905 4939 Η.
2930 4894 3044 4939 etc.
3069 4882 3145 4955 3).
3178 4883 3257 4936 Ex
3299 4883 3381 4936 his
3425 4881 3608 4951 igitur,
3637 4889 3696 4934 ut
3739 4881 3890 4935 arbi-

2302 4991 2434 5044 tror.
2473 4979 2720 5034 omnibus
2768 4985 2929 5044 patet,
2984 4989 3345 5044 quoscumque
3385 4973 3469 5027 illa
3519 4972 3890 5042 periclitantes

2300 5074 2600 5142 exceperit,
2651 5084 2745 5125 eos
2794 5069 2948 5124 facile
3002 5065 3430 5138 impendentibus
3482 5062 3890 5120 difficultatibus

2300 5163 2535 5218 liberari.
2578 5162 2818 5216 Precatio
2859 5159 3045 5213 salutis
3087 5166 3171 5212 est
3209 5156 3437 5218 occasio,
3469 5154 3890 5210 immortalitatis

2299 5257 2488 5310 animae
2516 5252 2866 5314 conciliatrix,
2892 5249 3139 5303 Ecclesia:
3175 5261 3358 5301 murus
3381 5245 3735 5320 firmissimus,
3759 5258 3894 5312 pro-

2302 5345 2650 5414 pugnaculum
2701 5343 3102 5402 inconcussum;
3144 5337 3334 5392 terrori
3382 5335 3738 5400 daemonibus,
3784 5335 3892 5404 piis

2303 5436 2454 5489 nobis
2481 5434 2656 5487 saluti.
2689 5431 2815 5485 llec
2840 5438 3079 5483 sanctum
3106 5426 3420 5498 prophetam
3447 5426 3625 5495 genuit
3652 5425 3888 5479 Samue-

2301 5528 2403 5581 lem
2435 5527 2509 5596 (Ι.
2539 5525 2666 5594 Reg.
2699 5525 2753 5593 ι)
2783 5539 2795 5574 :
2829 5537 2951 5574 nam
2981 5536 3102 5575 cum
3139 5519 3205 5574 ad
3228 5519 3466 5573 solmlem
3502 5529 3686 5571 natura
3728 5518 3890 5572 matri

2299 5619 2692 5680 adversaretur,
2724 5615 2955 5682 precatio
2979 5623 3165 5666 exorta
3195 5621 3398 5664 naturte
3441 5609 3625 5664 vitium
3665 5619 3891 5675 repente

2298 5710 2548 5762 correxit.
2588 5707 2731 5760 Talis
2761 5721 2827 5758 ex
2871 5704 3175 5773 precatione
3222 5703 3423 5758 fructus
3473 5701 3693 5766 exstitit,
3725 5700 3886 5754 talem

2301 5801 2603 5870 deprecatio
2643 5797 2953 5869 prophetam
3003 5795 3311 5866 procreavit.
3358 5796 3533 5863 itaque
3573 5791 3800 5847 Celebris
3833 5793 3886 5847 iu
