  <div class='ocr_page' id='page_1' title='image "/cluster/home/n/w/nwhite01/storage/ocr_20150623/50/ien.35556001660778/382.png"; bbox 0 0 4066 6422; ppageno 0'>
   <div class='ocr_carea' id='block_1_1' title="bbox 216 404 320 460">
    <p class='ocr_par' dir='ltr' id='par_1_1' title="bbox 216 404 320 460">
     <span class='ocr_line' id='line_1_1' title="bbox 216 404 320 460; baseline 0.019 -2"><span class='ocrx_word' id='word_1_1' title='bbox 216 404 320 460; x_wconf 79' lang='grc'>783</span> 
     </span>
    </p>
   </div>
   <div class='ocr_carea' id='block_1_2' title="bbox 218 512 1800 590">
    <p class='ocr_par' dir='ltr' id='par_1_2' title="bbox 218 512 1800 590">
     <span class='ocr_line' id='line_1_2' title="bbox 218 512 1800 590; baseline -0.008 -12"><span class='ocrx_word' id='word_1_2' title='bbox 218 522 345 578; x_wconf 81' lang='grc' dir='ltr'>στδν</span> <span class='ocrx_word' id='word_1_3' title='bbox 373 519 745 588; x_wconf 48' lang='lat' dir='ltr'>«meum:</span> <span class='ocrx_word' id='word_1_4' title='bbox 772 518 1076 590; x_wconf 70' lang='grc' dir='ltr'>βουληθεὶς,</span> <span class='ocrx_word' id='word_1_5' title='bbox 1102 518 1258 587; x_wconf 79' lang='grc' dir='ltr'>ἄφνω</span> <span class='ocrx_word' id='word_1_6' title='bbox 1288 515 1677 587; x_wconf 81' lang='grc' dir='ltr'>μεταθέμενος,</span> <span class='ocrx_word' id='word_1_7' title='bbox 1700 512 1800 585; x_wconf 85' lang='grc' dir='ltr'>τὴν</span> 
     </span>
    </p>
   </div>
   <div class='ocr_carea' id='block_1_3' title="bbox 213 596 1804 676">
    <p class='ocr_par' dir='ltr' id='par_1_3' title="bbox 213 596 1804 676">
     <span class='ocr_line' id='line_1_3' title="bbox 213 596 1804 676; baseline -0.006 -18"><span class='ocrx_word' id='word_1_8' title='bbox 213 604 476 676; x_wconf 74' lang='grc' dir='ltr'>δεομένην</span> <span class='ocrx_word' id='word_1_9' title='bbox 498 602 721 674; x_wconf 73' lang='grc' dir='ltr'>ἠλέησε,</span> <span class='ocrx_word' id='word_1_10' title='bbox 757 602 937 672; x_wconf 88' lang='grc' dir='ltr'>πόσην.</span> <span class='ocrx_word' id='word_1_11' title='bbox 957 603 1091 674; x_wconf 90' lang='grc' dir='ltr'>ήμῖν</span> <span class='ocrx_word' id='word_1_12' title='bbox 1118 598 1179 665; x_wconf 78' lang='grc' dir='ltr'>ἐξ</span> <span class='ocrx_word' id='word_1_13' title='bbox 1207 596 1441 670; x_wconf 90' lang='grc' dir='ltr'>οὐρανοῦ</span> <span class='ocrx_word' id='word_1_14' title='bbox 1475 597 1804 669; x_wconf 80' lang='grc' dir='ltr'>κηδεμονίαν</span> 
     </span>
    </p>
   </div>
   <div class='ocr_carea' id='block_1_4' title="bbox 212 681 1803 761">
    <p class='ocr_par' dir='ltr' id='par_1_4' title="bbox 212 681 1803 761">
     <span class='ocr_line' id='line_1_4' title="bbox 212 681 1803 761; baseline -0.008 -17"><span class='ocrx_word' id='word_1_15' title='bbox 212 692 268 744; x_wconf 86' lang='grc' dir='ltr'>οἰ</span> <span class='ocrx_word' id='word_1_16' title='bbox 305 688 607 761; x_wconf 80' lang='grc' dir='ltr'>προσευχαὶ</span> <span class='ocrx_word' id='word_1_17' title='bbox 641 687 967 757; x_wconf 84' lang='grc' dir='ltr'>κομίσουσι;</span> <span class='ocrx_word' id='word_1_18' title='bbox 1001 686 1161 757; x_wconf 85' lang='grc' dir='ltr'>Γνοίη</span> <span class='ocrx_word' id='word_1_19' title='bbox 1198 686 1243 740; x_wconf 80' lang='grc' dir='ltr'>δ’</span> <span class='ocrx_word' id='word_1_20' title='bbox 1284 686 1351 747; x_wconf 76' lang='grc' dir='ltr'>ἄν</span> <span class='ocrx_word' id='word_1_21' title='bbox 1391 702 1476 749; x_wconf 86' lang='grc' dir='ltr'>τις</span> <span class='ocrx_word' id='word_1_22' title='bbox 1514 683 1614 755; x_wconf 87' lang='grc' dir='ltr'>τὴν</span> <span class='ocrx_word' id='word_1_23' title='bbox 1648 681 1803 751; x_wconf 80' lang='grc' dir='ltr'>ἰσχὺν</span> 
     </span>
    </p>
   </div>
   <div class='ocr_carea' id='block_1_5' title="bbox 212 762 1802 842">
    <p class='ocr_par' dir='ltr' id='par_1_5' title="bbox 212 762 1802 842">
     <span class='ocr_line' id='line_1_5' title="bbox 212 762 1802 842; baseline -0.008 -16"><span class='ocrx_word' id='word_1_24' title='bbox 212 770 309 827; x_wconf 78' lang='grc' dir='ltr'>καὶ</span> <span class='ocrx_word' id='word_1_25' title='bbox 348 773 449 842; x_wconf 77' lang='grc' dir='ltr'>τὴν</span> <span class='ocrx_word' id='word_1_26' title='bbox 476 771 707 839; x_wconf 87' lang='grc' dir='ltr'>δύναμιν</span> <span class='ocrx_word' id='word_1_27' title='bbox 735 768 843 821; x_wconf 91' lang='grc' dir='ltr'>τῶν</span> <span class='ocrx_word' id='word_1_28' title='bbox 877 768 1048 837; x_wconf 86' lang='grc' dir='ltr'>ἀγίων</span> <span class='ocrx_word' id='word_1_29' title='bbox 1082 770 1423 841; x_wconf 72' lang='grc' dir='ltr'>προσευχῶν,</span> <span class='ocrx_word' id='word_1_30' title='bbox 1456 764 1676 820; x_wconf 77' lang='grc' dir='ltr'>σκοπῶν</span> <span class='ocrx_word' id='word_1_31' title='bbox 1705 762 1802 817; x_wconf 76' lang='grc' dir='ltr'>καὶ</span> 
     </span>
    </p>
   </div>
   <div class='ocr_carea' id='block_1_6' title="bbox 214 842 1801 923">
    <p class='ocr_par' dir='ltr' id='par_1_6' title="bbox 214 842 1801 923">
     <span class='ocr_line' id='line_1_6' title="bbox 214 842 1801 923; baseline -0.007 -15"><span class='ocrx_word' id='word_1_32' title='bbox 214 842 440 923; x_wconf 84' lang='grc' dir='ltr'>θεωρῶν</span> <span class='ocrx_word' id='word_1_33' title='bbox 461 854 601 905; x_wconf 85' lang='grc' dir='ltr'>ὅσων</span> <span class='ocrx_word' id='word_1_34' title='bbox 631 850 852 919; x_wconf 82' lang='grc' dir='ltr'>ἀγαθῶν</span> <span class='ocrx_word' id='word_1_35' title='bbox 883 850 1005 904; x_wconf 84' lang='grc' dir='ltr'>καθ’</span> <span class='ocrx_word' id='word_1_36' title='bbox 1033 852 1272 923; x_wconf 82' lang='grc' dir='ltr'>ἑκάστην</span> <span class='ocrx_word' id='word_1_37' title='bbox 1296 850 1510 923; x_wconf 74' lang='grc' dir='ltr'>ἡμέραν</span> <span class='ocrx_word' id='word_1_38' title='bbox 1533 847 1627 902; x_wconf 79' lang='grc' dir='ltr'>καὶ</span> <span class='ocrx_word' id='word_1_39' title='bbox 1650 846 1801 917; x_wconf 83' lang='grc' dir='ltr'>ὥραν</span> 
     </span>
    </p>
   </div>
   <div class='ocr_carea' id='block_1_7' title="bbox 210 930 1800 1006">
    <p class='ocr_par' dir='ltr' id='par_1_7' title="bbox 210 930 1800 1006">
     <span class='ocr_line' id='line_1_7' title="bbox 210 930 1800 1006; baseline -0.006 -14"><span class='ocrx_word' id='word_1_40' title='bbox 210 936 579 1003; x_wconf 79' lang='grc' dir='ltr'>ἀπολαύουσιν</span> <span class='ocrx_word' id='word_1_41' title='bbox 610 936 659 987; x_wconf 93' lang='grc' dir='ltr'>οἰ</span> <span class='ocrx_word' id='word_1_42' title='bbox 690 934 921 987; x_wconf 85' lang='grc' dir='ltr'>πάντοτε</span> <span class='ocrx_word' id='word_1_43' title='bbox 949 934 1029 1004; x_wconf 84' lang='grc' dir='ltr'>τῷ</span> <span class='ocrx_word' id='word_1_44' title='bbox 1059 933 1177 1005; x_wconf 87' lang='grc' dir='ltr'>Θεῷ</span> <span class='ocrx_word' id='word_1_45' title='bbox 1212 934 1668 1006; x_wconf 87' lang='grc' dir='ltr'>προσπίπτοντες.</span> <span class='ocrx_word' id='word_1_46' title='bbox 1702 930 1800 994; x_wconf 89' lang='grc' dir='ltr'>Τίς</span> 
     </span>
    </p>
   </div>
   <div class='ocr_carea' id='block_1_8' title="bbox 210 1014 1801 1095">
    <p class='ocr_par' dir='ltr' id='par_1_8' title="bbox 210 1014 1801 1095">
     <span class='ocr_line' id='line_1_8' title="bbox 210 1014 1801 1095; baseline -0.004 -21"><span class='ocrx_word' id='word_1_47' title='bbox 210 1021 321 1095; x_wconf 89' lang='grc' dir='ltr'>γάρ</span> <span class='ocrx_word' id='word_1_48' title='bbox 354 1021 456 1074; x_wconf 86' lang='grc' dir='ltr'>οὐκ</span> <span class='ocrx_word' id='word_1_49' title='bbox 482 1015 655 1083; x_wconf 80' lang='grc' dir='ltr'>οἶδεν,</span> <span class='ocrx_word' id='word_1_50' title='bbox 693 1018 775 1071; x_wconf 86' lang='grc' dir='ltr'>ὅτι</span> <span class='ocrx_word' id='word_1_51' title='bbox 816 1018 911 1070; x_wconf 79' lang='grc' dir='ltr'>καὶ</span> <span class='ocrx_word' id='word_1_52' title='bbox 957 1018 1050 1070; x_wconf 87' lang='grc' dir='ltr'>τοῦ</span> <span class='ocrx_word' id='word_1_53' title='bbox 1097 1017 1248 1088; x_wconf 84' lang='grc' dir='ltr'>ήλίου</span> <span class='ocrx_word' id='word_1_54' title='bbox 1299 1019 1361 1071; x_wconf 86' lang='grc' dir='ltr'>τὸ</span> <span class='ocrx_word' id='word_1_55' title='bbox 1394 1017 1529 1088; x_wconf 82' lang='grc' dir='ltr'>φῶς,</span> <span class='ocrx_word' id='word_1_56' title='bbox 1566 1017 1662 1069; x_wconf 60' lang='grc' dir='ltr'>καῖ⁵</span> <span class='ocrx_word' id='word_1_57' title='bbox 1690 1014 1801 1069; x_wconf 87' lang='grc' dir='ltr'>τῶν</span> 
     </span>
    </p>
   </div>
   <div class='ocr_carea' id='block_1_9' title="bbox 210 1101 1797 1174">
    <p class='ocr_par' dir='ltr' id='par_1_9' title="bbox 210 1101 1797 1174">
     <span class='ocr_line' id='line_1_9' title="bbox 210 1101 1797 1174; baseline -0.002 -18"><span class='ocrx_word' id='word_1_58' title='bbox 210 1104 480 1174; x_wconf 76' lang='grc' dir='ltr'>ἀστέρων,</span> <span class='ocrx_word' id='word_1_59' title='bbox 525 1102 622 1154; x_wconf 76' lang='grc' dir='ltr'>καὶ</span> <span class='ocrx_word' id='word_1_60' title='bbox 666 1103 768 1171; x_wconf 83' lang='grc' dir='ltr'>τῆς</span> <span class='ocrx_word' id='word_1_61' title='bbox 800 1102 1052 1172; x_wconf 83' lang='grc' dir='ltr'>σελήνης,</span> <span class='ocrx_word' id='word_1_62' title='bbox 1094 1102 1191 1154; x_wconf 75' lang='grc' dir='ltr'>καὶ</span> <span class='ocrx_word' id='word_1_63' title='bbox 1242 1102 1422 1173; x_wconf 90' lang='grc' dir='ltr'>ἀέρων</span> <span class='ocrx_word' id='word_1_64' title='bbox 1477 1101 1797 1172; x_wconf 77' lang='grc' dir='ltr'>εὐκρασίαν,</span> 
     </span>
    </p>
   </div>
   <div class='ocr_carea' id='block_1_10' title="bbox 211 1177 1800 1256">
    <p class='ocr_par' dir='ltr' id='par_1_10' title="bbox 211 1177 1800 1256">
     <span class='ocr_line' id='line_1_10' title="bbox 211 1177 1800 1256; baseline -0.001 -18"><span class='ocrx_word' id='word_1_65' title='bbox 211 1186 309 1239; x_wconf 80' lang='grc' dir='ltr'>καὶ</span> <span class='ocrx_word' id='word_1_66' title='bbox 330 1177 536 1256; x_wconf 80' lang='grc' dir='ltr'>τροφὰς</span> <span class='ocrx_word' id='word_1_67' title='bbox 564 1184 845 1248; x_wconf 83' lang='grc' dir='ltr'>παντοίας,</span> <span class='ocrx_word' id='word_1_68' title='bbox 876 1185 971 1239; x_wconf 76' lang='grc' dir='ltr'>καὶ</span> <span class='ocrx_word' id='word_1_69' title='bbox 998 1184 1246 1251; x_wconf 89' lang='grc' dir='ltr'>πλοῦτον,</span> <span class='ocrx_word' id='word_1_70' title='bbox 1279 1187 1374 1239; x_wconf 83' lang='grc' dir='ltr'>καὶ</span> <span class='ocrx_word' id='word_1_71' title='bbox 1400 1186 1535 1256; x_wconf 81' lang='grc' dir='ltr'>βίον,</span> <span class='ocrx_word' id='word_1_72' title='bbox 1568 1187 1663 1238; x_wconf 74' lang='grc' dir='ltr'>καὶ</span> <span class='ocrx_word' id='word_1_73' title='bbox 1697 1202 1800 1255; x_wconf 88' lang='grc' dir='ltr'>μυ-</span> 
     </span>
    </p>
   </div>
   <div class='ocr_carea' id='block_1_11' title="bbox 215 1267 1797 1342">
    <p class='ocr_par' dir='ltr' id='par_1_11' title="bbox 215 1267 1797 1342">
     <span class='ocr_line' id='line_1_11' title="bbox 215 1267 1797 1342; baseline -0.003 -20"><span class='ocrx_word' id='word_1_74' title='bbox 215 1269 305 1342; x_wconf 90' lang='grc' dir='ltr'>ρία</span> <span class='ocrx_word' id='word_1_75' title='bbox 328 1268 510 1337; x_wconf 85' lang='grc' dir='ltr'>ἀγαθά</span> <span class='ocrx_word' id='word_1_76' title='bbox 538 1270 703 1323; x_wconf 80' lang='grc' dir='ltr'>πᾶσιν</span> <span class='ocrx_word' id='word_1_77' title='bbox 729 1267 1039 1339; x_wconf 86' lang='grc' dir='ltr'>ἀνθρώποις</span> <span class='ocrx_word' id='word_1_78' title='bbox 1064 1270 1264 1339; x_wconf 86' lang='grc' dir='ltr'>ὁμοίως</span> <span class='ocrx_word' id='word_1_79' title='bbox 1286 1272 1314 1322; x_wconf 93' lang='lat'>6</span> <span class='ocrx_word' id='word_1_80' title='bbox 1340 1269 1472 1333; x_wconf 82' lang='grc' dir='ltr'>Θεὸς</span> <span class='ocrx_word' id='word_1_81' title='bbox 1493 1267 1797 1341; x_wconf 76' lang='grc' dir='ltr'>χαρίζεται,</span> 
     </span>
    </p>
   </div>
   <div class='ocr_carea' id='block_1_12' title="bbox 210 1350 1801 1423">
    <p class='ocr_par' dir='ltr' id='par_1_12' title="bbox 210 1350 1801 1423">
     <span class='ocr_line' id='line_1_12' title="bbox 210 1350 1801 1423; baseline -0.001 -19"><span class='ocrx_word' id='word_1_82' title='bbox 210 1351 306 1404; x_wconf 73' lang='grc' dir='ltr'>καὶ</span> <span class='ocrx_word' id='word_1_83' title='bbox 336 1350 564 1414; x_wconf 88' lang='grc' dir='ltr'>δικαίοις</span> <span class='ocrx_word' id='word_1_84' title='bbox 598 1350 694 1404; x_wconf 73' lang='grc' dir='ltr'>καὶ</span> <span class='ocrx_word' id='word_1_85' title='bbox 719 1351 963 1416; x_wconf 71' lang='grc' dir='ltr'>ἀσεϐέσι,</span> <span class='ocrx_word' id='word_1_86' title='bbox 986 1352 1075 1404; x_wconf 88' lang='grc' dir='ltr'>διά</span> <span class='ocrx_word' id='word_1_87' title='bbox 1105 1353 1206 1423; x_wconf 89' lang='grc' dir='ltr'>τὴν</span> <span class='ocrx_word' id='word_1_88' title='bbox 1236 1352 1438 1421; x_wconf 86' lang='grc' dir='ltr'>πολλὴν</span> <span class='ocrx_word' id='word_1_89' title='bbox 1472 1351 1641 1405; x_wconf 87' lang='grc' dir='ltr'>αὐτοῦ</span> <span class='ocrx_word' id='word_1_90' title='bbox 1676 1351 1801 1420; x_wconf 84' lang='grc' dir='ltr'>φιλ-</span> 
     </span>
    </p>
   </div>
   <div class='ocr_carea' id='block_1_13' title="bbox 211 1430 1800 1509">
    <p class='ocr_par' dir='ltr' id='par_1_13' title="bbox 211 1430 1800 1509">
     <span class='ocr_line' id='line_1_13' title="bbox 211 1430 1800 1509; baseline 0 -20"><span class='ocrx_word' id='word_1_91' title='bbox 211 1434 551 1506; x_wconf 75' lang='grc' dir='ltr'>ανθρωπίαν,</span> <span class='ocrx_word' id='word_1_92' title='bbox 581 1430 615 1509; x_wconf 83' lang='grc' dir='ltr'>ᾖ</span> <span class='ocrx_word' id='word_1_93' title='bbox 660 1436 929 1505; x_wconf 81' lang='grc' dir='ltr'>κέχρηται</span> <span class='ocrx_word' id='word_1_94' title='bbox 990 1436 1128 1507; x_wconf 73' lang='grc' dir='ltr'>πρὸς</span> <span class='ocrx_word' id='word_1_95' title='bbox 1164 1438 1346 1507; x_wconf 79' lang='grc' dir='ltr'>ὴμᾶς;</span> <span class='ocrx_word' id='word_1_96' title='bbox 1384 1437 1447 1488; x_wconf 73' lang='lat' dir='ltr'>El</span> <span class='ocrx_word' id='word_1_97' title='bbox 1476 1434 1531 1488; x_wconf 85' lang='grc' dir='ltr'>δέ</span> <span class='ocrx_word' id='word_1_98' title='bbox 1566 1437 1692 1498; x_wconf 80' lang='grc' dir='ltr'>τοὺς</span> <span class='ocrx_word' id='word_1_99' title='bbox 1724 1435 1800 1506; x_wconf 85' lang='grc' dir='ltr'>μὴ</span> 
     </span>
    </p>
   </div>
   <div class='ocr_carea' id='block_1_14' title="bbox 210 1516 1802 1589">
    <p class='ocr_par' dir='ltr' id='par_1_14' title="bbox 210 1516 1802 1589">
     <span class='ocr_line' id='line_1_14' title="bbox 210 1516 1802 1589; baseline 0 -20"><span class='ocrx_word' id='word_1_100' title='bbox 210 1516 519 1587; x_wconf 80' lang='grc' dir='ltr'>δεομένους,</span> <span class='ocrx_word' id='word_1_101' title='bbox 554 1518 689 1588; x_wconf 83' lang='grc' dir='ltr'>μηδὲ</span> <span class='ocrx_word' id='word_1_102' title='bbox 721 1518 1029 1581; x_wconf 74' lang='grc' dir='ltr'>αἰτοῦντας,</span> <span class='ocrx_word' id='word_1_103' title='bbox 1060 1518 1233 1581; x_wconf 86' lang='grc' dir='ltr'>οῦτως</span> <span class='ocrx_word' id='word_1_104' title='bbox 1261 1518 1403 1571; x_wconf 89' lang='grc' dir='ltr'>ἐλεεῖ</span> <span class='ocrx_word' id='word_1_105' title='bbox 1436 1518 1558 1571; x_wconf 86' lang='grc' dir='ltr'>καθ’</span> <span class='ocrx_word' id='word_1_106' title='bbox 1588 1518 1802 1589; x_wconf 78' lang='grc' dir='ltr'>ἡμέραν</span> 
     </span>
    </p>
   </div>
   <div class='ocr_carea' id='block_1_15' title="bbox 212 1600 1802 1669">
    <p class='ocr_par' dir='ltr' id='par_1_15' title="bbox 212 1600 1802 1669">
     <span class='ocr_line' id='line_1_15' title="bbox 212 1600 1802 1669; baseline 0 -16"><span class='ocrx_word' id='word_1_107' title='bbox 212 1600 307 1653; x_wconf 81' lang='grc' dir='ltr'>καὶ</span> <span class='ocrx_word' id='word_1_108' title='bbox 365 1600 665 1664; x_wconf 85' lang='grc' dir='ltr'>ἀναπαύει,</span> <span class='ocrx_word' id='word_1_109' title='bbox 708 1600 887 1653; x_wconf 82' lang='grc' dir='ltr'>πόσων</span> <span class='ocrx_word' id='word_1_110' title='bbox 930 1601 1076 1662; x_wconf 79' lang='grc' dir='ltr'>εἰκὸς</span> <span class='ocrx_word' id='word_1_111' title='bbox 1126 1601 1345 1669; x_wconf 79' lang='grc' dir='ltr'>ἀγαθῶν</span> <span class='ocrx_word' id='word_1_112' title='bbox 1398 1600 1802 1658; x_wconf 88' lang='grc' dir='ltr'>ἀπολαύσεσθαι</span> 
     </span>
    </p>
   </div>
   <div class='ocr_carea' id='block_1_16' title="bbox 212 1683 1800 1755">
    <p class='ocr_par' dir='ltr' id='par_1_16' title="bbox 212 1683 1800 1755">
     <span class='ocr_line' id='line_1_16' title="bbox 212 1683 1800 1755; baseline 0.001 -20"><span class='ocrx_word' id='word_1_113' title='bbox 212 1683 340 1745; x_wconf 83' lang='grc' dir='ltr'>τοὺς</span> <span class='ocrx_word' id='word_1_114' title='bbox 367 1685 427 1736; x_wconf 84' lang='grc' dir='ltr'>ἐν</span> <span class='ocrx_word' id='word_1_115' title='bbox 456 1685 645 1753; x_wconf 81' lang='grc' dir='ltr'>εὐχαῖς</span> <span class='ocrx_word' id='word_1_116' title='bbox 685 1686 782 1737; x_wconf 77' lang='grc' dir='ltr'>καὶ</span> <span class='ocrx_word' id='word_1_117' title='bbox 822 1685 1037 1755; x_wconf 76' lang='grc' dir='ltr'>δεήσεσι</span> <span class='ocrx_word' id='word_1_118' title='bbox 1072 1685 1253 1738; x_wconf 88' lang='grc' dir='ltr'>πάντα</span> <span class='ocrx_word' id='word_1_119' title='bbox 1286 1685 1377 1737; x_wconf 84' lang='grc' dir='ltr'>τὸν</span> <span class='ocrx_word' id='word_1_120' title='bbox 1412 1684 1523 1755; x_wconf 84' lang='grc' dir='ltr'>βίον</span> <span class='ocrx_word' id='word_1_121' title='bbox 1572 1683 1800 1754; x_wconf 87' lang='grc' dir='ltr'>ἐσχολα-</span> 
     </span>
    </p>
   </div>
   <div class='ocr_carea' id='block_1_17' title="bbox 212 1766 1805 1840">
    <p class='ocr_par' dir='ltr' id='par_1_17' title="bbox 212 1766 1805 1840">
     <span class='ocr_line' id='line_1_17' title="bbox 212 1766 1805 1840; baseline 0 -21"><span class='ocrx_word' id='word_1_122' title='bbox 212 1766 412 1831; x_wconf 76' lang='grc' dir='ltr'>κὸταςς</span> <span class='ocrx_word' id='word_1_123' title='bbox 450 1768 588 1838; x_wconf 78' lang='grc' dir='ltr'>Φέρε</span> <span class='ocrx_word' id='word_1_124' title='bbox 621 1768 686 1840; x_wconf 87' lang='grc' dir='ltr'>δὴ</span> <span class='ocrx_word' id='word_1_125' title='bbox 730 1771 823 1822; x_wconf 79' lang='grc' dir='ltr'>καὶ</span> <span class='ocrx_word' id='word_1_126' title='bbox 862 1770 1006 1831; x_wconf 91' lang='grc' dir='ltr'>ὅσοις</span> <span class='ocrx_word' id='word_1_127' title='bbox 1037 1769 1146 1821; x_wconf 91' lang='grc' dir='ltr'>τῶν</span> <span class='ocrx_word' id='word_1_128' title='bbox 1193 1768 1419 1822; x_wconf 80' lang='grc' dir='ltr'>δικαίων</span> <span class='ocrx_word' id='word_1_129' title='bbox 1466 1767 1675 1838; x_wconf 78' lang='grc' dir='ltr'>ὑπῆρξε</span> <span class='ocrx_word' id='word_1_130' title='bbox 1715 1767 1805 1820; x_wconf 91' lang='grc' dir='ltr'>διά</span> 
     </span>
    </p>
   </div>
   <div class='ocr_carea' id='block_1_18' title="bbox 212 1850 1799 1923">
    <p class='ocr_par' dir='ltr' id='par_1_18' title="bbox 212 1850 1799 1923">
     <span class='ocr_line' id='line_1_18' title="bbox 212 1850 1799 1923; baseline 0.001 -21"><span class='ocrx_word' id='word_1_131' title='bbox 212 1850 535 1920; x_wconf 83' lang='grc' dir='ltr'>προσευχῶν</span> <span class='ocrx_word' id='word_1_132' title='bbox 576 1851 750 1904; x_wconf 87' lang='grc' dir='ltr'>σῶσαι</span> <span class='ocrx_word' id='word_1_133' title='bbox 790 1854 885 1905; x_wconf 71' lang='grc' dir='ltr'>καὶ</span> <span class='ocrx_word' id='word_1_134' title='bbox 917 1852 1066 1921; x_wconf 73' lang='grc' dir='ltr'>ἔθνη,</span> <span class='ocrx_word' id='word_1_135' title='bbox 1098 1854 1192 1905; x_wconf 75' lang='grc' dir='ltr'>καὶ</span> <span class='ocrx_word' id='word_1_136' title='bbox 1228 1853 1431 1918; x_wconf 85' lang='grc' dir='ltr'>πόλεις,</span> <span class='ocrx_word' id='word_1_137' title='bbox 1462 1854 1557 1906; x_wconf 80' lang='grc' dir='ltr'>καὶ</span> <span class='ocrx_word' id='word_1_138' title='bbox 1588 1853 1687 1923; x_wconf 86' lang='grc' dir='ltr'>τὴν</span> <span class='ocrx_word' id='word_1_139' title='bbox 1722 1853 1799 1903; x_wconf 78' lang='grc' dir='ltr'>οἱ·</span> 
     </span>
    </p>
   </div>
   <div class='ocr_carea' id='block_1_19' title="bbox 212 1931 1802 2007">
    <p class='ocr_par' dir='ltr' id='par_1_19' title="bbox 212 1931 1802 2007">
     <span class='ocr_line' id='line_1_19' title="bbox 212 1931 1802 2007; baseline 0.003 -23"><span class='ocrx_word' id='word_1_140' title='bbox 212 1933 488 2004; x_wconf 66' lang='grc' dir='ltr'>κουμένην</span> <span class='ocrx_word' id='word_1_141' title='bbox 512 1931 752 1999; x_wconf 75' lang='grc' dir='ltr'>ἃπασαν,</span> <span class='ocrx_word' id='word_1_142' title='bbox 779 1935 1023 2005; x_wconf 70' lang='grc' dir='ltr'>εἴπωμεν</span> <span class='ocrx_word' id='word_1_143' title='bbox 1050 1939 1186 2005; x_wconf 86' lang='grc' dir='ltr'>πρὸς</span> <span class='ocrx_word' id='word_1_144' title='bbox 1208 1937 1373 2006; x_wconf 79' lang='grc' dir='ltr'>ὑμᾶς.</span> <span class='ocrx_word' id='word_1_145' title='bbox 1411 1936 1499 1987; x_wconf 89' lang='grc' dir='ltr'>Ἐν</span> <span class='ocrx_word' id='word_1_146' title='bbox 1524 1936 1582 1988; x_wconf 86' lang='grc' dir='ltr'>δὲ</span> <span class='ocrx_word' id='word_1_147' title='bbox 1615 1939 1802 2007; x_wconf 82' lang='grc' dir='ltr'>μνήμῃ</span> 
     </span>
    </p>
   </div>
   <div class='ocr_carea' id='block_1_20' title="bbox 211 2016 1804 2091">
    <p class='ocr_par' dir='ltr' id='par_1_20' title="bbox 211 2016 1804 2091">
     <span class='ocr_line' id='line_1_20' title="bbox 211 2016 1804 2091; baseline 0.002 -24"><span class='ocrx_word' id='word_1_148' title='bbox 211 2018 526 2086; x_wconf 73' lang='grc' dir='ltr'>προσευχῆς</span> <span class='ocrx_word' id='word_1_149' title='bbox 566 2016 780 2080; x_wconf 79' lang='grc' dir='ltr'>Παῦλος</span> <span class='ocrx_word' id='word_1_150' title='bbox 824 2018 1040 2088; x_wconf 86' lang='grc' dir='ltr'>πρῶτος</span> <span class='ocrx_word' id='word_1_151' title='bbox 1070 2018 1219 2083; x_wconf 78' lang='grc' dir='ltr'>ἄξιος</span> <span class='ocrx_word' id='word_1_152' title='bbox 1265 2021 1507 2091; x_wconf 84' lang='grc' dir='ltr'>μνήμης.</span> <span class='ocrx_word' id='word_1_153' title='bbox 1537 2019 1750 2081; x_wconf 83' lang='grc' dir='ltr'>Παῦλος</span> <span class='ocrx_word' id='word_1_154' title='bbox 1776 2021 1804 2070; x_wconf 90' lang='lat'>6</span> 
     </span>
    </p>
   </div>
   <div class='ocr_carea' id='block_1_21' title="bbox 208 2098 1801 2173">
    <p class='ocr_par' dir='ltr' id='par_1_21' title="bbox 208 2098 1801 2173">
     <span class='ocr_line' id='line_1_21' title="bbox 208 2098 1801 2173; baseline 0.003 -23"><span class='ocrx_word' id='word_1_155' title='bbox 208 2098 314 2167; x_wconf 87' lang='grc' dir='ltr'>τῆς</span> <span class='ocrx_word' id='word_1_156' title='bbox 354 2101 448 2152; x_wconf 86' lang='grc' dir='ltr'>τοῦ</span> <span class='ocrx_word' id='word_1_157' title='bbox 488 2098 622 2153; x_wconf 82' lang='grc' dir='ltr'>Θεοῦ</span> <span class='ocrx_word' id='word_1_158' title='bbox 650 2101 908 2171; x_wconf 81' lang='grc' dir='ltr'>λατρείας</span> <span class='ocrx_word' id='word_1_159' title='bbox 941 2102 1274 2173; x_wconf 89' lang='grc' dir='ltr'>ἀκόρεστος,</span> <span class='ocrx_word' id='word_1_160' title='bbox 1318 2103 1346 2155; x_wconf 98' lang='lat'>6</span> <span class='ocrx_word' id='word_1_161' title='bbox 1392 2104 1569 2165; x_wconf 83' lang='grc' dir='ltr'>κοινὸς</span> <span class='ocrx_word' id='word_1_162' title='bbox 1601 2102 1801 2173; x_wconf 81' lang='grc' dir='ltr'>πατὴρ,</span> 
     </span>
    </p>
   </div>
   <div class='ocr_carea' id='block_1_22' title="bbox 212 2180 1805 2256">
    <p class='ocr_par' dir='ltr' id='par_1_22' title="bbox 212 2180 1805 2256">
     <span class='ocr_line' id='line_1_22' title="bbox 212 2180 1805 2256; baseline 0.003 -23"><span class='ocrx_word' id='word_1_163' title='bbox 212 2180 595 2250; x_wconf 79' lang='grc' dir='ltr'>καὶ,πρόγονος</span> <span class='ocrx_word' id='word_1_164' title='bbox 624 2184 732 2235; x_wconf 90' lang='grc' dir='ltr'>τῶν</span> <span class='ocrx_word' id='word_1_165' title='bbox 765 2184 966 2238; x_wconf 90' lang='grc' dir='ltr'>δούλων</span> <span class='ocrx_word' id='word_1_166' title='bbox 995 2186 1093 2239; x_wconf 90' lang='grc' dir='ltr'>τοῦ</span> <span class='ocrx_word' id='word_1_167' title='bbox 1124 2186 1385 2256; x_wconf 82' lang='grc' dir='ltr'>Χριστοῦ.</span> <span class='ocrx_word' id='word_1_168' title='bbox 1434 2186 1669 2248; x_wconf 83' lang='grc' dir='ltr'>Ἐκεῖνος</span> <span class='ocrx_word' id='word_1_169' title='bbox 1694 2186 1805 2238; x_wconf 88' lang='grc' dir='ltr'>τοί-</span> 
     </span>
    </p>
   </div>
   <div class='ocr_carea' id='block_1_23' title="bbox 211 2263 1805 2340">
    <p class='ocr_par' dir='ltr' id='par_1_23' title="bbox 211 2263 1805 2340">
     <span class='ocr_line' id='line_1_23' title="bbox 211 2263 1805 2340; baseline 0.005 -25"><span class='ocrx_word' id='word_1_170' title='bbox 211 2280 306 2316; x_wconf 91' lang='grc' dir='ltr'>νυν</span> <span class='ocrx_word' id='word_1_171' title='bbox 340 2266 367 2316; x_wconf 86' lang='grc' dir='ltr'>ό</span> <span class='ocrx_word' id='word_1_172' title='bbox 400 2263 573 2332; x_wconf 79' lang='grc' dir='ltr'>φύλαξ</span> <span class='ocrx_word' id='word_1_173' title='bbox 592 2266 690 2335; x_wconf 84' lang='grc' dir='ltr'>τῆς</span> <span class='ocrx_word' id='word_1_174' title='bbox 724 2268 1070 2337; x_wconf 70' lang='grc' dir='ltr'>οἰκουμένης,</span> <span class='ocrx_word' id='word_1_175' title='bbox 1106 2268 1194 2321; x_wconf 75' lang='grc' dir='ltr'>διὰ</span> <span class='ocrx_word' id='word_1_176' title='bbox 1223 2270 1551 2340; x_wconf 85' lang='grc' dir='ltr'>προσευχῆς,</span> <span class='ocrx_word' id='word_1_177' title='bbox 1589 2271 1681 2321; x_wconf 72' lang='grc' dir='ltr'>καὶ</span> <span class='ocrx_word' id='word_1_178' title='bbox 1708 2270 1805 2338; x_wconf 81' lang='grc' dir='ltr'>τῆς</span> 
     </span>
    </p>
   </div>
   <div class='ocr_carea' id='block_1_24' title="bbox 213 2346 1805 2425">
    <p class='ocr_par' dir='ltr' id='par_1_24' title="bbox 213 2346 1805 2425">
     <span class='ocr_line' id='line_1_24' title="bbox 213 2346 1805 2425; baseline 0.004 -29"><span class='ocrx_word' id='word_1_179' title='bbox 213 2346 474 2415; x_wconf 81' lang='grc' dir='ltr'>συνεχοῦς</span> <span class='ocrx_word' id='word_1_180' title='bbox 496 2346 731 2417; x_wconf 77' lang='grc' dir='ltr'>δεήσεως</span> <span class='ocrx_word' id='word_1_181' title='bbox 765 2352 942 2403; x_wconf 88' lang='grc' dir='ltr'>πάντα</span> <span class='ocrx_word' id='word_1_182' title='bbox 968 2351 1035 2402; x_wconf 66' lang='grc' dir='ltr'>τὰ</span> <span class='ocrx_word' id='word_1_183' title='bbox 1065 2350 1191 2421; x_wconf 81' lang='grc' dir='ltr'>ἔθνη</span> <span class='ocrx_word' id='word_1_184' title='bbox 1224 2352 1471 2414; x_wconf 76' lang='grc' dir='ltr'>διέσωσε,</span> <span class='ocrx_word' id='word_1_185' title='bbox 1498 2352 1673 2425; x_wconf 82' lang='grc' dir='ltr'>λέγων</span> <span class='ocrx_word' id='word_1_186' title='bbox 1716 2353 1805 2403; x_wconf 73' lang='grc' dir='ltr'>ἀεὶ</span> 
     </span>
    </p>
   </div>
   <div class='ocr_carea' id='block_1_25' title="bbox 210 2427 1804 2504">
    <p class='ocr_par' dir='ltr' id='par_1_25' title="bbox 210 2427 1804 2504">
     <span class='ocr_line' id='line_1_25' title="bbox 210 2427 1804 2504; baseline 0.005 -26"><span class='ocrx_word' id='word_1_187' title='bbox 210 2427 350 2496; x_wconf 83' lang='grc' dir='ltr'>πρὸς</span> <span class='ocrx_word' id='word_1_188' title='bbox 379 2430 549 2498; x_wconf 77' lang='grc' dir='ltr'>ἡμᾶς·</span> <span class='ocrx_word' id='word_1_189' title='bbox 591 2432 811 2485; x_wconf 82' lang='grc' dir='ltr'>Τούτου</span> <span class='ocrx_word' id='word_1_190' title='bbox 842 2432 1021 2501; x_wconf 78' lang='grc' dir='ltr'>χάριν</span> <span class='ocrx_word' id='word_1_191' title='bbox 1049 2432 1295 2501; x_wconf 81' lang='grc' dir='ltr'>κάμπτω</span> <span class='ocrx_word' id='word_1_192' title='bbox 1328 2435 1399 2489; x_wconf 81' lang='grc' dir='ltr'>τὰ</span> <span class='ocrx_word' id='word_1_193' title='bbox 1434 2432 1657 2504; x_wconf 74' lang='grc' dir='ltr'>γόνατά</span> <span class='ocrx_word' id='word_1_194' title='bbox 1683 2450 1804 2501; x_wconf 80' lang='grc' dir='ltr'>μου</span> 
     </span>
    </p>
   </div>
   <div class='ocr_carea' id='block_1_26' title="bbox 209 2511 1804 2587">
    <p class='ocr_par' dir='ltr' id='par_1_26' title="bbox 209 2511 1804 2587">
     <span class='ocr_line' id='line_1_26' title="bbox 209 2511 1804 2587; baseline 0.003 -24"><span class='ocrx_word' id='word_1_195' title='bbox 209 2511 363 2579; x_wconf 81' lang='grc' dir='ltr'>πρὸς</span> <span class='ocrx_word' id='word_1_196' title='bbox 398 2512 505 2565; x_wconf 83' lang='grc' dir='ltr'>τὸν</span> <span class='ocrx_word' id='word_1_197' title='bbox 538 2516 769 2583; x_wconf 81' lang='grc' dir='ltr'>Πατέρα</span> <span class='ocrx_word' id='word_1_198' title='bbox 796 2516 903 2569; x_wconf 88' lang='grc' dir='ltr'>τοῦ</span> <span class='ocrx_word' id='word_1_199' title='bbox 942 2517 1165 2584; x_wconf 81' lang='grc' dir='ltr'>Κυρίου</span> <span class='ocrx_word' id='word_1_200' title='bbox 1208 2516 1379 2587; x_wconf 74' lang='grc' dir='ltr'>ἡμῶν</span> <span class='ocrx_word' id='word_1_201' title='bbox 1426 2519 1622 2583; x_wconf 84' lang='grc' dir='ltr'>Ἰησοῦ</span> <span class='ocrx_word' id='word_1_202' title='bbox 1672 2518 1804 2586; x_wconf 80' lang='grc' dir='ltr'>Χρι-</span> 
     </span>
    </p>
   </div>
   <div class='ocr_carea' id='block_1_27' title="bbox 210 2592 1807 2670">
    <p class='ocr_par' dir='ltr' id='par_1_27' title="bbox 210 2592 1807 2670">
     <span class='ocr_line' id='line_1_27' title="bbox 210 2592 1807 2670; baseline 0.007 -26"><span class='ocrx_word' id='word_1_203' title='bbox 210 2594 387 2656; x_wconf 88' lang='grc' dir='ltr'>στοῦ,</span> <span class='ocrx_word' id='word_1_204' title='bbox 415 2594 485 2658; x_wconf 79' lang='grc' dir='ltr'>ἐξ</span> <span class='ocrx_word' id='word_1_205' title='bbox 514 2592 586 2651; x_wconf 86' lang='grc' dir='ltr'>οὗ</span> <span class='ocrx_word' id='word_1_206' title='bbox 624 2596 795 2651; x_wconf 84' lang='grc' dir='ltr'>πᾶσα</span> <span class='ocrx_word' id='word_1_207' title='bbox 826 2600 1043 2666; x_wconf 83' lang='grc' dir='ltr'>πατριὰ</span> <span class='ocrx_word' id='word_1_208' title='bbox 1069 2600 1138 2651; x_wconf 76' lang='grc' dir='ltr'>ἐν</span> <span class='ocrx_word' id='word_1_209' title='bbox 1166 2598 1401 2667; x_wconf 62' lang='grc' dir='ltr'>οἱφανῷ</span> <span class='ocrx_word' id='word_1_210' title='bbox 1433 2601 1529 2653; x_wconf 72' lang='grc' dir='ltr'>καὶ</span> <span class='ocrx_word' id='word_1_211' title='bbox 1558 2600 1657 2653; x_wconf 80' lang='grc' dir='ltr'>ἐπὶ</span> <span class='ocrx_word' id='word_1_212' title='bbox 1691 2598 1807 2670; x_wconf 69' lang='grc' dir='ltr'>γῆς</span> 
     </span>
    </p>
   </div>
   <div class='ocr_carea' id='block_1_28' title="bbox 210 2676 1807 2751">
    <p class='ocr_par' dir='ltr' id='par_1_28' title="bbox 210 2676 1807 2751">
     <span class='ocr_line' id='line_1_28' title="bbox 210 2676 1807 2751; baseline 0.004 -23"><span class='ocrx_word' id='word_1_213' title='bbox 210 2676 586 2746; x_wconf 75' lang='grc' dir='ltr'>ὀνομάζεται·</span> <span class='ocrx_word' id='word_1_214' title='bbox 624 2680 724 2733; x_wconf 79' lang='grc' dir='ltr'>ἵνα</span> <span class='ocrx_word' id='word_1_215' title='bbox 745 2680 864 2749; x_wconf 84' lang='grc' dir='ltr'>δῴη</span> <span class='ocrx_word' id='word_1_216' title='bbox 907 2682 1051 2751; x_wconf 80' lang='grc' dir='ltr'>ὑμῖν</span> <span class='ocrx_word' id='word_1_217' title='bbox 1076 2684 1225 2736; x_wconf 86' lang='grc' dir='ltr'>κατὰ</span> <span class='ocrx_word' id='word_1_218' title='bbox 1256 2684 1365 2736; x_wconf 75' lang='grc' dir='ltr'>τὸν</span> <span class='ocrx_word' id='word_1_219' title='bbox 1397 2684 1668 2738; x_wconf 73' lang='grc' dir='ltr'>πλοῦτον</span> <span class='ocrx_word' id='word_1_220' title='bbox 1698 2682 1807 2749; x_wconf 83' lang='grc' dir='ltr'>τῆς</span> 
     </span>
    </p>
   </div>
   <div class='ocr_carea' id='block_1_29' title="bbox 209 2759 1805 2834">
    <p class='ocr_par' dir='ltr' id='par_1_29' title="bbox 209 2759 1805 2834">
     <span class='ocr_line' id='line_1_29' title="bbox 209 2759 1805 2834; baseline 0.005 -22"><span class='ocrx_word' id='word_1_221' title='bbox 209 2759 457 2828; x_wconf 78' lang='grc' dir='ltr'>χάριτος</span> <span class='ocrx_word' id='word_1_222' title='bbox 495 2762 719 2827; x_wconf 86' lang='grc' dir='ltr'>αὑτοῦ,</span> <span class='ocrx_word' id='word_1_223' title='bbox 764 2764 1015 2834; x_wconf 80' lang='grc' dir='ltr'>δυνάμει</span> <span class='ocrx_word' id='word_1_224' title='bbox 1064 2764 1499 2834; x_wconf 78' lang='grc' dir='ltr'>κραταιωθῆναι</span> <span class='ocrx_word' id='word_1_225' title='bbox 1545 2766 1647 2821; x_wconf 81' lang='grc' dir='ltr'>διὰ</span> <span class='ocrx_word' id='word_1_226' title='bbox 1698 2766 1805 2820; x_wconf 86' lang='grc' dir='ltr'>τοῦ</span> 
     </span>
    </p>
   </div>
   <div class='ocr_carea' id='block_1_30' title="bbox 209 2846 1805 2919">
    <p class='ocr_par' dir='ltr' id='par_1_30' title="bbox 209 2846 1805 2919">
     <span class='ocr_line' id='line_1_30' title="bbox 209 2846 1805 2919; baseline 0.004 -23"><span class='ocrx_word' id='word_1_227' title='bbox 209 2846 558 2913; x_wconf 79' lang='grc' dir='ltr'>Πνεύματος</span> <span class='ocrx_word' id='word_1_228' title='bbox 591 2848 800 2910; x_wconf 71' lang='grc' dir='ltr'>αὐτοῦ,</span> <span class='ocrx_word' id='word_1_229' title='bbox 829 2850 915 2912; x_wconf 84' lang='grc' dir='ltr'>είς</span> <span class='ocrx_word' id='word_1_230' title='bbox 955 2849 1064 2901; x_wconf 86' lang='grc' dir='ltr'>τὸν</span> <span class='ocrx_word' id='word_1_231' title='bbox 1089 2852 1210 2903; x_wconf 79' lang='grc' dir='ltr'>ἔσω</span> <span class='ocrx_word' id='word_1_232' title='bbox 1241 2850 1575 2919; x_wconf 81' lang='grc' dir='ltr'>ἄνθρωπον,</span> <span class='ocrx_word' id='word_1_233' title='bbox 1609 2868 1805 2905; x_wconf 86' lang='grc' dir='ltr'>κατοι-</span> 
     </span>
    </p>
   </div>
   <div class='ocr_carea' id='block_1_31' title="bbox 208 2926 1805 3003">
    <p class='ocr_par' dir='ltr' id='par_1_31' title="bbox 208 2926 1805 3003">
     <span class='ocr_line' id='line_1_31' title="bbox 208 2926 1805 3003; baseline 0.003 -22"><span class='ocrx_word' id='word_1_234' title='bbox 208 2926 399 2997; x_wconf 78' lang='grc' dir='ltr'>κῆσαι</span> <span class='ocrx_word' id='word_1_235' title='bbox 425 2930 534 2983; x_wconf 87' lang='grc' dir='ltr'>τὸν</span> <span class='ocrx_word' id='word_1_236' title='bbox 564 2932 823 2999; x_wconf 84' lang='grc' dir='ltr'>Χριστὸν</span> <span class='ocrx_word' id='word_1_237' title='bbox 850 2932 947 2985; x_wconf 84' lang='grc' dir='ltr'>διὰ</span> <span class='ocrx_word' id='word_1_238' title='bbox 982 2934 1244 3000; x_wconf 86' lang='grc' dir='ltr'>πίστεως</span> <span class='ocrx_word' id='word_1_239' title='bbox 1272 2935 1342 2988; x_wconf 83' lang='grc' dir='ltr'>ἐν</span> <span class='ocrx_word' id='word_1_240' title='bbox 1373 2934 1502 3001; x_wconf 88' lang='grc' dir='ltr'>ταῖς</span> <span class='ocrx_word' id='word_1_241' title='bbox 1532 2935 1805 3003; x_wconf 79' lang='grc' dir='ltr'>καρδίαις</span> 
     </span>
    </p>
   </div>
   <div class='ocr_carea' id='block_1_32' title="bbox 211 3010 1801 3090">
    <p class='ocr_par' dir='ltr' id='par_1_32' title="bbox 211 3010 1801 3090">
     <span class='ocr_line' id='line_1_32' title="bbox 211 3010 1801 3090; baseline 0.004 -26"><span class='ocrx_word' id='word_1_242' title='bbox 211 3010 400 3081; x_wconf 80' lang='grc' dir='ltr'>ὑμῶν.</span> <span class='ocrx_word' id='word_1_243' title='bbox 460 3015 647 3085; x_wconf 80' lang='grc' dir='ltr'>Ὁρᾷς,</span> <span class='ocrx_word' id='word_1_244' title='bbox 702 3016 826 3069; x_wconf 87' lang='grc' dir='ltr'>ὅσον</span> <span class='ocrx_word' id='word_1_245' title='bbox 890 3018 1066 3087; x_wconf 88' lang='grc' dir='ltr'>ἰσχύει</span> <span class='ocrx_word' id='word_1_246' title='bbox 1119 3018 1398 3090; x_wconf 83' lang='grc' dir='ltr'>προσευχὴ</span> <span class='ocrx_word' id='word_1_247' title='bbox 1453 3021 1549 3072; x_wconf 80' lang='grc' dir='ltr'>καὶ</span> <span class='ocrx_word' id='word_1_248' title='bbox 1588 3020 1801 3089; x_wconf 86' lang='grc' dir='ltr'>δέησις;</span> 
     </span>
    </p>
   </div>
   <div class='ocr_carea' id='block_1_33' title="bbox 208 3094 1805 3172">
    <p class='ocr_par' dir='ltr' id='par_1_33' title="bbox 208 3094 1805 3172">
     <span class='ocr_line' id='line_1_33' title="bbox 208 3094 1805 3172; baseline 0.004 -24"><span class='ocrx_word' id='word_1_249' title='bbox 208 3094 395 3159; x_wconf 60' lang='lat' dir='ltr'>Nam);</span> <span class='ocrx_word' id='word_1_250' title='bbox 450 3098 689 3169; x_wconf 76' lang='grc' dir='ltr'>Χριστοῦ</span> <span class='ocrx_word' id='word_1_251' title='bbox 742 3102 869 3164; x_wconf 84' lang='grc' dir='ltr'>τοὺς</span> <span class='ocrx_word' id='word_1_252' title='bbox 927 3101 1255 3171; x_wconf 85' lang='grc' dir='ltr'>ἀνθρώπους</span> <span class='ocrx_word' id='word_1_253' title='bbox 1310 3104 1642 3172; x_wconf 73' lang='grc' dir='ltr'>ἐργάζεται·</span> <span class='ocrx_word' id='word_1_254' title='bbox 1712 3106 1805 3156; x_wconf 77' lang='grc' dir='ltr'>καὶ</span> 
     </span>
    </p>
   </div>
   <div class='ocr_carea' id='block_1_34' title="bbox 208 3176 1804 3257">
    <p class='ocr_par' dir='ltr' id='par_1_34' title="bbox 208 3176 1804 3257">
     <span class='ocr_line' id='line_1_34' title="bbox 208 3176 1804 3257; baseline 0.004 -26"><span class='ocrx_word' id='word_1_255' title='bbox 208 3176 402 3249; x_wconf 81' lang='grc' dir='ltr'>ὥσπερ</span> <span class='ocrx_word' id='word_1_256' title='bbox 439 3182 662 3251; x_wconf 87' lang='grc' dir='ltr'>χρυσὸς,</span> <span class='ocrx_word' id='word_1_257' title='bbox 695 3184 789 3234; x_wconf 75' lang='grc' dir='ltr'>καὶ</span> <span class='ocrx_word' id='word_1_258' title='bbox 814 3184 950 3237; x_wconf 89' lang='grc' dir='ltr'>λίθοι</span> <span class='ocrx_word' id='word_1_259' title='bbox 986 3185 1366 3257; x_wconf 84' lang='grc' dir='ltr'>πολυτίμητοι,</span> <span class='ocrx_word' id='word_1_260' title='bbox 1409 3186 1504 3239; x_wconf 72' lang='grc' dir='ltr'>καὶ</span> <span class='ocrx_word' id='word_1_261' title='bbox 1538 3187 1804 3257; x_wconf 86' lang='grc' dir='ltr'>μάρμαρα</span> 
     </span>
    </p>
   </div>
   <div class='ocr_carea' id='block_1_35' title="bbox 210 3262 1802 3342">
    <p class='ocr_par' dir='ltr' id='par_1_35' title="bbox 210 3262 1802 3342">
     <span class='ocr_line' id='line_1_35' title="bbox 210 3262 1802 3342; baseline 0.005 -27"><span class='ocrx_word' id='word_1_262' title='bbox 210 3262 427 3316; x_wconf 76' lang='grc' dir='ltr'>ποιοῦσι</span> <span class='ocrx_word' id='word_1_263' title='bbox 458 3266 584 3327; x_wconf 72' lang='grc' dir='ltr'>τοὺς</span> <span class='ocrx_word' id='word_1_264' title='bbox 624 3266 808 3329; x_wconf 79' lang='grc' dir='ltr'>οἴκους</span> <span class='ocrx_word' id='word_1_265' title='bbox 838 3267 948 3321; x_wconf 90' lang='grc' dir='ltr'>τῶν</span> <span class='ocrx_word' id='word_1_266' title='bbox 994 3267 1294 3339; x_wconf 84' lang='grc' dir='ltr'>βασιλέων·</span> <span class='ocrx_word' id='word_1_267' title='bbox 1339 3269 1484 3323; x_wconf 82' lang='grc' dir='ltr'>οὕτω</span> <span class='ocrx_word' id='word_1_268' title='bbox 1523 3272 1802 3342; x_wconf 85' lang='grc' dir='ltr'>προσευχὴ</span> 
     </span>
    </p>
   </div>
   <div class='ocr_carea' id='block_1_36' title="bbox 209 3348 1805 3424">
    <p class='ocr_par' dir='ltr' id='par_1_36' title="bbox 209 3348 1805 3424">
     <span class='ocr_line' id='line_1_36' title="bbox 209 3348 1805 3424; baseline 0.004 -22"><span class='ocrx_word' id='word_1_269' title='bbox 209 3348 372 3410; x_wconf 77' lang='grc' dir='ltr'>ναοὺς</span> <span class='ocrx_word' id='word_1_270' title='bbox 399 3348 493 3401; x_wconf 89' lang='grc' dir='ltr'>τοῦ</span> <span class='ocrx_word' id='word_1_271' title='bbox 527 3349 789 3421; x_wconf 86' lang='grc' dir='ltr'>Χριστοῦ.</span> <span class='ocrx_word' id='word_1_272' title='bbox 820 3351 1207 3420; x_wconf 83' lang='grc' dir='ltr'>Κατοικῆσαι,</span> <span class='ocrx_word' id='word_1_273' title='bbox 1235 3356 1387 3424; x_wconf 80' lang='grc' dir='ltr'>φησὶ,</span> <span class='ocrx_word' id='word_1_274' title='bbox 1414 3355 1519 3408; x_wconf 79' lang='grc' dir='ltr'>τόν</span> <span class='ocrx_word' id='word_1_275' title='bbox 1544 3356 1805 3421; x_wconf 85' lang='grc' dir='ltr'>Χριστὸν</span> 
     </span>
    </p>
   </div>
   <div class='ocr_carea' id='block_1_37' title="bbox 208 3428 1806 3509">
    <p class='ocr_par' dir='ltr' id='par_1_37' title="bbox 208 3428 1806 3509">
     <span class='ocr_line' id='line_1_37' title="bbox 208 3428 1806 3509; baseline 0.004 -26"><span class='ocrx_word' id='word_1_276' title='bbox 208 3428 280 3483; x_wconf 81' lang='grc' dir='ltr'>ὲν</span> <span class='ocrx_word' id='word_1_277' title='bbox 308 3431 438 3496; x_wconf 84' lang='grc' dir='ltr'>ταῖς</span> <span class='ocrx_word' id='word_1_278' title='bbox 465 3432 739 3500; x_wconf 79' lang='grc' dir='ltr'>καρδίαις</span> <span class='ocrx_word' id='word_1_279' title='bbox 766 3434 951 3503; x_wconf 79' lang='grc' dir='ltr'>ὑμῶν.</span> <span class='ocrx_word' id='word_1_280' title='bbox 980 3436 1046 3488; x_wconf 90' lang='grc' dir='ltr'>Τί</span> <span class='ocrx_word' id='word_1_281' title='bbox 1093 3438 1277 3507; x_wconf 80' lang='grc' dir='ltr'>μεῖζον</span> <span class='ocrx_word' id='word_1_282' title='bbox 1303 3437 1368 3489; x_wconf 81' lang='grc' dir='ltr'>ἂν</span> <span class='ocrx_word' id='word_1_283' title='bbox 1397 3437 1608 3505; x_wconf 83' lang='grc' dir='ltr'>γένοιτο</span> <span class='ocrx_word' id='word_1_284' title='bbox 1636 3456 1806 3509; x_wconf 88' lang='grc' dir='ltr'>προσ-</span> 
     </span>
    </p>
   </div>
   <div class='ocr_carea' id='block_1_38' title="bbox 210 3515 1802 3591">
    <p class='ocr_par' dir='ltr' id='par_1_38' title="bbox 210 3515 1802 3591">
     <span class='ocr_line' id='line_1_38' title="bbox 210 3515 1802 3591; baseline 0.006 -24"><span class='ocrx_word' id='word_1_285' title='bbox 210 3515 379 3585; x_wconf 73' lang='grc' dir='ltr'>ευχῆς</span> <span class='ocrx_word' id='word_1_286' title='bbox 424 3518 739 3587; x_wconf 81' lang='grc' dir='ltr'>ἐγκώμιον,</span> <span class='ocrx_word' id='word_1_287' title='bbox 785 3519 815 3589; x_wconf 83' lang='grc' dir='ltr'>ἢ</span> <span class='ocrx_word' id='word_1_288' title='bbox 869 3520 951 3572; x_wconf 88' lang='grc' dir='ltr'>ὅτι</span> <span class='ocrx_word' id='word_1_289' title='bbox 986 3520 1150 3583; x_wconf 79' lang='grc' dir='ltr'>ναοὺς</span> <span class='ocrx_word' id='word_1_290' title='bbox 1196 3521 1577 3591; x_wconf 80' lang='grc' dir='ltr'>ἀπεργάζεται</span> <span class='ocrx_word' id='word_1_291' title='bbox 1630 3521 1802 3587; x_wconf 86' lang='grc' dir='ltr'>Θεοῦ;</span> 
     </span>
    </p>
   </div>
   <div class='ocr_carea' id='block_1_39' title="bbox 217 3590 1804 3676">
    <p class='ocr_par' dir='ltr' id='par_1_39' title="bbox 217 3590 1804 3676">
     <span class='ocr_line' id='line_1_39' title="bbox 217 3590 1804 3676; baseline 0.004 -26"><span class='ocrx_word' id='word_1_292' title='bbox 217 3599 314 3650; x_wconf 88' lang='grc' dir='ltr'>Ὃν</span> <span class='ocrx_word' id='word_1_293' title='bbox 336 3599 397 3651; x_wconf 88' lang='grc' dir='ltr'>οὐ</span> <span class='ocrx_word' id='word_1_294' title='bbox 425 3600 695 3670; x_wconf 88' lang='grc' dir='ltr'>χωροῦσιν</span> <span class='ocrx_word' id='word_1_295' title='bbox 724 3600 966 3670; x_wconf 74' lang='grc' dir='ltr'>οὐρανοὶ,</span> <span class='ocrx_word' id='word_1_296' title='bbox 998 3590 1153 3666; x_wconf 78' lang='grc' dir='ltr'>οὗτος</span> <span class='ocrx_word' id='word_1_297' title='bbox 1182 3604 1263 3667; x_wconf 91' lang='grc' dir='ltr'>εἰς</span> <span class='ocrx_word' id='word_1_298' title='bbox 1292 3590 1470 3676; x_wconf 58' lang='grc' dir='ltr'>ψυχὴν</span> <span class='ocrx_word' id='word_1_299' title='bbox 1496 3606 1804 3676; x_wconf 89' lang='grc' dir='ltr'>εἰσέρχεται</span> 
     </span>
    </p>
   </div>
   <div class='ocr_carea' id='block_1_40' title="bbox 210 3682 1802 3759">
    <p class='ocr_par' dir='ltr' id='par_1_40' title="bbox 210 3682 1802 3759">
     <span class='ocr_line' id='line_1_40' title="bbox 210 3682 1802 3759; baseline 0.006 -26"><span class='ocrx_word' id='word_1_300' title='bbox 210 3682 397 3743; x_wconf 79' lang='grc' dir='ltr'>ζῶσαν</span> <span class='ocrx_word' id='word_1_301' title='bbox 421 3686 477 3735; x_wconf 91' lang='grc' dir='ltr'>ἐν</span> <span class='ocrx_word' id='word_1_302' title='bbox 502 3688 853 3755; x_wconf 87' lang='grc' dir='ltr'>προσευχαῖς.</span> <span class='ocrx_word' id='word_1_303' title='bbox 888 3687 940 3737; x_wconf 93' lang='lat'>&#39;0</span> <span class='ocrx_word' id='word_1_304' title='bbox 963 3687 1221 3755; x_wconf 85' lang='grc' dir='ltr'>οὐρανός</span> <span class='ocrx_word' id='word_1_305' title='bbox 1227 3705 1331 3756; x_wconf 83' lang='grc' dir='ltr'>μοι</span> <span class='ocrx_word' id='word_1_306' title='bbox 1355 3690 1586 3756; x_wconf 84' lang='grc' dir='ltr'>θρόνος,</span> <span class='ocrx_word' id='word_1_307' title='bbox 1617 3691 1802 3759; x_wconf 75' lang='grc' dir='ltr'>φησὶν,</span> 
     </span>
    </p>
   </div>
   <div class='ocr_carea' id='block_1_41' title="bbox 210 3765 1807 3840">
    <p class='ocr_par' dir='ltr' id='par_1_41' title="bbox 210 3765 1807 3840">
     <span class='ocr_line' id='line_1_41' title="bbox 210 3765 1807 3840; baseline 0.006 -23"><span class='ocrx_word' id='word_1_308' title='bbox 210 3766 251 3830; x_wconf 78' lang='grc' dir='ltr'><strong><em>ἡ</em></strong></span> <span class='ocrx_word' id='word_1_309' title='bbox 286 3765 356 3818; x_wconf 87' lang='grc' dir='ltr'>δὲ</span> <span class='ocrx_word' id='word_1_310' title='bbox 388 3765 466 3834; x_wconf 77' lang='grc' dir='ltr'>γῆ</span> <span class='ocrx_word' id='word_1_311' title='bbox 500 3767 837 3822; x_wconf 84' lang='grc' dir='ltr'>ὑποπόδιον</span> <span class='ocrx_word' id='word_1_312' title='bbox 867 3767 985 3823; x_wconf 83' lang='grc' dir='ltr'>τῶν</span> <span class='ocrx_word' id='word_1_313' title='bbox 1024 3770 1229 3823; x_wconf 82' lang='grc' dir='ltr'>ποδῶν</span> <span class='ocrx_word' id='word_1_314' title='bbox 1255 3790 1395 3840; x_wconf 88' lang='grc' dir='ltr'>μου.</span> <span class='ocrx_word' id='word_1_315' title='bbox 1424 3772 1605 3825; x_wconf 81' lang='grc' dir='ltr'>Ποῖον</span> <span class='ocrx_word' id='word_1_316' title='bbox 1637 3770 1807 3826; x_wconf 83' lang='grc' dir='ltr'>οἷκον</span> 
     </span>
    </p>
   </div>
   <div class='ocr_carea' id='block_1_42' title="bbox 212 3847 1807 3923">
    <p class='ocr_par' dir='ltr' id='par_1_42' title="bbox 212 3847 1807 3923">
     <span class='ocr_line' id='line_1_42' title="bbox 212 3847 1807 3923; baseline 0.005 -22"><span class='ocrx_word' id='word_1_317' title='bbox 212 3847 646 3918; x_wconf 78' lang='grc' dir='ltr'>οἰκοδομήσετέ</span> <span class='ocrx_word' id='word_1_318' title='bbox 667 3868 769 3920; x_wconf 86' lang='grc' dir='ltr'>μοι</span> <span class='ocrx_word' id='word_1_319' title='bbox 787 3868 806 3916; x_wconf 87' lang='grc'><strong><em>;</em></strong></span> <span class='ocrx_word' id='word_1_320' title='bbox 827 3851 975 3920; x_wconf 85' lang='grc' dir='ltr'>λέγει</span> <span class='ocrx_word' id='word_1_321' title='bbox 1012 3852 1215 3923; x_wconf 80' lang='grc' dir='ltr'>Κύριος</span> <span class='ocrx_word' id='word_1_322' title='bbox 1238 3871 1250 3884; x_wconf 93' lang='grc'>·</span> <span class='ocrx_word' id='word_1_323' title='bbox 1288 3853 1326 3922; x_wconf 79' lang='grc' dir='ltr'><strong>ἢ</strong></span> <span class='ocrx_word' id='word_1_324' title='bbox 1364 3857 1455 3921; x_wconf 86' lang='grc' dir='ltr'>τίς</span> <span class='ocrx_word' id='word_1_325' title='bbox 1484 3856 1667 3921; x_wconf 80' lang='grc' dir='ltr'>τόπος</span> <span class='ocrx_word' id='word_1_326' title='bbox 1697 3855 1807 3923; x_wconf 82' lang='grc' dir='ltr'>τῆς</span> 
     </span>
    </p>
   </div>
   <div class='ocr_carea' id='block_1_43' title="bbox 213 3932 1806 4006">
    <p class='ocr_par' dir='ltr' id='par_1_43' title="bbox 213 3932 1806 4006">
     <span class='ocr_line' id='line_1_43' title="bbox 213 3932 1806 4006; baseline 0.005 -22"><span class='ocrx_word' id='word_1_327' title='bbox 213 3932 648 3997; x_wconf 74' lang='grc' dir='ltr'>καταπαύσεώς</span> <span class='ocrx_word' id='word_1_328' title='bbox 676 3951 832 4003; x_wconf 84' lang='grc' dir='ltr'>μου;</span> <span class='ocrx_word' id='word_1_329' title='bbox 891 3935 1030 3987; x_wconf 81' lang='grc' dir='ltr'>Ἀλλ’</span> <span class='ocrx_word' id='word_1_330' title='bbox 1070 3937 1220 4006; x_wconf 85' lang='grc' dir='ltr'>ὅμως</span> <span class='ocrx_word' id='word_1_331' title='bbox 1264 3933 1410 3989; x_wconf 78' lang='grc' dir='ltr'>οἷκον</span> <span class='ocrx_word' id='word_1_332' title='bbox 1436 3940 1463 3991; x_wconf 92' lang='lat'>6</span> <span class='ocrx_word' id='word_1_333' title='bbox 1495 3937 1703 4002; x_wconf 85' lang='grc' dir='ltr'>Παῦλος</span> <span class='ocrx_word' id='word_1_334' title='bbox 1730 3943 1806 3992; x_wconf 85' lang='grc' dir='ltr'>οἰ-</span> 
     </span>
    </p>
   </div>
   <div class='ocr_carea' id='block_1_44' title="bbox 218 4012 1806 4091">
    <p class='ocr_par' dir='ltr' id='par_1_44' title="bbox 218 4012 1806 4091">
     <span class='ocr_line' id='line_1_44' title="bbox 218 4012 1806 4091; baseline 0.007 -26"><span class='ocrx_word' id='word_1_335' title='bbox 218 4012 442 4083; x_wconf 86' lang='grc' dir='ltr'>κοδομεῖ</span> <span class='ocrx_word' id='word_1_336' title='bbox 458 4015 545 4069; x_wconf 82' lang='grc' dir='ltr'>διὰ</span> <span class='ocrx_word' id='word_1_337' title='bbox 560 4016 667 4067; x_wconf 89' lang='grc' dir='ltr'>τῶν</span> <span class='ocrx_word' id='word_1_338' title='bbox 691 4017 861 4085; x_wconf 81' lang='grc' dir='ltr'>ἁγίων</span> <span class='ocrx_word' id='word_1_339' title='bbox 888 4018 1062 4087; x_wconf 87' lang='grc' dir='ltr'>εὐχῶν</span> <span class='ocrx_word' id='word_1_340' title='bbox 1078 4025 1125 4073; x_wconf 80' lang='grc'>⁸.</span> <span class='ocrx_word' id='word_1_341' title='bbox 1142 4018 1191 4071; x_wconf 88' lang='grc' dir='ltr'><em>Κ</em></span> <span class='ocrx_word' id='word_1_342' title='bbox 1196 4017 1425 4087; x_wconf 81' lang='grc' dir='ltr'>ἀμπτω,</span> <span class='ocrx_word' id='word_1_343' title='bbox 1444 4021 1596 4090; x_wconf 76' lang='grc' dir='ltr'>φησὶ,</span> <span class='ocrx_word' id='word_1_344' title='bbox 1612 4024 1685 4074; x_wconf 86' lang='grc' dir='ltr'>τὰ</span> <span class='ocrx_word' id='word_1_345' title='bbox 1711 4024 1806 4091; x_wconf 75' lang='grc' dir='ltr'>γό-</span> 
     </span>
    </p>
   </div>
   <div class='ocr_carea' id='block_1_45' title="bbox 216 4096 1807 4173">
    <p class='ocr_par' dir='ltr' id='par_1_45' title="bbox 216 4096 1807 4173">
     <span class='ocr_line' id='line_1_45' title="bbox 216 4096 1807 4173; baseline 0.006 -26"><span class='ocrx_word' id='word_1_346' title='bbox 216 4096 370 4173; x_wconf 75' lang='grc' dir='ltr'>νατά</span> <span class='ocrx_word' id='word_1_347' title='bbox 410 4115 530 4166; x_wconf 85' lang='grc' dir='ltr'>μου</span> <span class='ocrx_word' id='word_1_348' title='bbox 582 4098 734 4166; x_wconf 88' lang='grc' dir='ltr'>πρὸς</span> <span class='ocrx_word' id='word_1_349' title='bbox 772 4100 881 4153; x_wconf 82' lang='grc' dir='ltr'>τὸν</span> <span class='ocrx_word' id='word_1_350' title='bbox 922 4100 1158 4169; x_wconf 79' lang='grc' dir='ltr'>Πατέρα</span> <span class='ocrx_word' id='word_1_351' title='bbox 1206 4096 1313 4155; x_wconf 86' lang='grc' dir='ltr'>το’ῦ</span> <span class='ocrx_word' id='word_1_352' title='bbox 1362 4104 1582 4169; x_wconf 82' lang='grc' dir='ltr'>Κυρίου</span> <span class='ocrx_word' id='word_1_353' title='bbox 1635 4103 1807 4173; x_wconf 73' lang='grc' dir='ltr'>ἡμῶν</span> 
     </span>
    </p>
   </div>
   <div class='ocr_carea' id='block_1_46' title="bbox 227 4177 1807 4255">
    <p class='ocr_par' dir='ltr' id='par_1_46' title="bbox 227 4177 1807 4255">
     <span class='ocr_line' id='line_1_46' title="bbox 227 4177 1807 4255; baseline 0.006 -24"><span class='ocrx_word' id='word_1_354' title='bbox 227 4177 425 4244; x_wconf 85' lang='grc' dir='ltr'>Ἰησοῦ</span> <span class='ocrx_word' id='word_1_355' title='bbox 446 4181 725 4249; x_wconf 86' lang='grc' dir='ltr'>Χριστοῦ,</span> <span class='ocrx_word' id='word_1_356' title='bbox 749 4183 850 4235; x_wconf 79' lang='grc' dir='ltr'>ἵνα</span> <span class='ocrx_word' id='word_1_357' title='bbox 872 4185 1203 4252; x_wconf 79' lang='grc' dir='ltr'>κατοικήσῃ</span> <span class='ocrx_word' id='word_1_358' title='bbox 1236 4188 1269 4237; x_wconf 86' lang='grc' dir='ltr'>ό</span> <span class='ocrx_word' id='word_1_359' title='bbox 1298 4187 1549 4253; x_wconf 75' lang='grc' dir='ltr'>Χριστὸς</span> <span class='ocrx_word' id='word_1_360' title='bbox 1575 4186 1673 4240; x_wconf 77' lang='grc' dir='ltr'>διὰ</span> <span class='ocrx_word' id='word_1_361' title='bbox 1696 4186 1807 4255; x_wconf 83' lang='grc' dir='ltr'>τῆς</span> 
     </span>
    </p>
   </div>
   <div class='ocr_carea' id='block_1_47' title="bbox 213 4262 1805 4340">
    <p class='ocr_par' dir='ltr' id='par_1_47' title="bbox 213 4262 1805 4340">
     <span class='ocr_line' id='line_1_47' title="bbox 213 4262 1805 4340; baseline 0.006 -28"><span class='ocrx_word' id='word_1_362' title='bbox 213 4262 473 4328; x_wconf 86' lang='grc' dir='ltr'>πίστεως</span> <span class='ocrx_word' id='word_1_363' title='bbox 497 4264 567 4317; x_wconf 83' lang='grc' dir='ltr'>ἐν</span> <span class='ocrx_word' id='word_1_364' title='bbox 596 4263 728 4330; x_wconf 80' lang='grc' dir='ltr'>ταῖς</span> <span class='ocrx_word' id='word_1_365' title='bbox 758 4265 1030 4333; x_wconf 80' lang='grc' dir='ltr'>καρδίαις</span> <span class='ocrx_word' id='word_1_366' title='bbox 1050 4267 1238 4335; x_wconf 82' lang='grc' dir='ltr'>ὑμῶν.</span> <span class='ocrx_word' id='word_1_367' title='bbox 1279 4270 1387 4320; x_wconf 72' lang='grc' dir='ltr'>Καὶ</span> <span class='ocrx_word' id='word_1_368' title='bbox 1420 4270 1526 4340; x_wconf 82' lang='grc' dir='ltr'>μὴν</span> <span class='ocrx_word' id='word_1_369' title='bbox 1554 4272 1805 4323; x_wconf 77' lang='grc' dir='ltr'>κάκεῖθεν</span> 
     </span>
    </p>
   </div>
   <div class='ocr_carea' id='block_1_48' title="bbox 218 4341 1803 4423">
    <p class='ocr_par' dir='ltr' id='par_1_48' title="bbox 218 4341 1803 4423">
     <span class='ocr_line' id='line_1_48' title="bbox 218 4341 1803 4423; baseline 0.009 -28"><span class='ocrx_word' id='word_1_370' title='bbox 218 4341 319 4396; x_wconf 68' lang='grc' dir='ltr'>ἴδοι</span> <span class='ocrx_word' id='word_1_371' title='bbox 356 4362 441 4408; x_wconf 89' lang='grc' dir='ltr'>τις</span> <span class='ocrx_word' id='word_1_372' title='bbox 472 4347 537 4404; x_wconf 80' lang='grc' dir='ltr'>ἂν</span> <span class='ocrx_word' id='word_1_373' title='bbox 566 4348 665 4417; x_wconf 87' lang='grc' dir='ltr'>τὴν</span> <span class='ocrx_word' id='word_1_374' title='bbox 698 4347 928 4418; x_wconf 82' lang='grc' dir='ltr'>δύναμιν</span> <span class='ocrx_word' id='word_1_375' title='bbox 960 4349 1070 4402; x_wconf 90' lang='grc' dir='ltr'>τῶν</span> <span class='ocrx_word' id='word_1_376' title='bbox 1098 4351 1270 4419; x_wconf 82' lang='grc' dir='ltr'>ἁγίων</span> <span class='ocrx_word' id='word_1_377' title='bbox 1300 4351 1495 4421; x_wconf 82' lang='grc' dir='ltr'>εὐχῶν,</span> <span class='ocrx_word' id='word_1_378' title='bbox 1534 4352 1682 4423; x_wconf 85' lang='grc'>[7881</span> <span class='ocrx_word' id='word_1_379' title='bbox 1723 4355 1803 4409; x_wconf 81' lang='grc' dir='ltr'>ὅτι</span> 
     </span>
    </p>
   </div>
   <div class='ocr_carea' id='block_1_49' title="bbox 215 4433 1804 4513">
    <p class='ocr_par' dir='ltr' id='par_1_49' title="bbox 215 4433 1804 4513">
     <span class='ocr_line' id='line_1_49' title="bbox 215 4433 1804 4513; baseline 0.006 -27"><span class='ocrx_word' id='word_1_380' title='bbox 215 4433 429 4497; x_wconf 82' lang='grc' dir='ltr'>Παῦλος</span> <span class='ocrx_word' id='word_1_381' title='bbox 462 4437 491 4488; x_wconf 89' lang='lat'>6</span> <span class='ocrx_word' id='word_1_382' title='bbox 522 4436 611 4489; x_wconf 87' lang='grc' dir='ltr'>διά</span> <span class='ocrx_word' id='word_1_383' title='bbox 640 4439 822 4508; x_wconf 83' lang='grc' dir='ltr'>πάσης</span> <span class='ocrx_word' id='word_1_384' title='bbox 854 4438 954 4508; x_wconf 88' lang='grc' dir='ltr'>τῆς</span> <span class='ocrx_word' id='word_1_385' title='bbox 986 4441 1315 4510; x_wconf 74' lang='grc' dir='ltr'>οἰκουμένης</span> <span class='ocrx_word' id='word_1_386' title='bbox 1345 4440 1535 4513; x_wconf 78' lang='grc' dir='ltr'>ὥσπερ</span> <span class='ocrx_word' id='word_1_387' title='bbox 1565 4444 1804 4496; x_wconf 81' lang='grc' dir='ltr'>ὑπόπτε-</span> 
     </span>
    </p>
   </div>
   <div class='ocr_carea' id='block_1_50' title="bbox 214 4519 1805 4595">
    <p class='ocr_par' dir='ltr' id='par_1_50' title="bbox 214 4519 1805 4595">
     <span class='ocr_line' id='line_1_50' title="bbox 214 4519 1805 4595; baseline 0.008 -28"><span class='ocrx_word' id='word_1_388' title='bbox 214 4532 309 4587; x_wconf 85' lang='grc' dir='ltr'>ρος</span> <span class='ocrx_word' id='word_1_389' title='bbox 340 4519 580 4587; x_wconf 84' lang='grc' dir='ltr'>τρέχων,</span> <span class='ocrx_word' id='word_1_390' title='bbox 614 4520 707 4572; x_wconf 79' lang='grc' dir='ltr'>καὶ</span> <span class='ocrx_word' id='word_1_391' title='bbox 750 4519 1125 4592; x_wconf 82' lang='grc' dir='ltr'>δεσμωτήριον</span> <span class='ocrx_word' id='word_1_392' title='bbox 1154 4523 1348 4585; x_wconf 77' lang='grc' dir='ltr'>οἰκῶν,</span> <span class='ocrx_word' id='word_1_393' title='bbox 1388 4525 1482 4577; x_wconf 74' lang='grc' dir='ltr'>καὶ</span> <span class='ocrx_word' id='word_1_394' title='bbox 1532 4526 1805 4595; x_wconf 85' lang='grc' dir='ltr'>μάστιγας</span> 
     </span>
    </p>
   </div>
   <div class='ocr_carea' id='block_1_51' title="bbox 215 4601 1805 4679">
    <p class='ocr_par' dir='ltr' id='par_1_51' title="bbox 215 4601 1805 4679">
     <span class='ocr_line' id='line_1_51' title="bbox 215 4601 1805 4679; baseline 0.009 -27"><span class='ocrx_word' id='word_1_395' title='bbox 215 4601 523 4671; x_wconf 84' lang='grc' dir='ltr'>ὑπομένων,</span> <span class='ocrx_word' id='word_1_396' title='bbox 554 4605 646 4656; x_wconf 76' lang='grc' dir='ltr'>καὶ</span> <span class='ocrx_word' id='word_1_397' title='bbox 675 4605 855 4674; x_wconf 84' lang='grc' dir='ltr'>φορῶν</span> <span class='ocrx_word' id='word_1_398' title='bbox 882 4605 1093 4668; x_wconf 70' lang='grc' dir='ltr'>ἅλυσιν,</span> <span class='ocrx_word' id='word_1_399' title='bbox 1126 4608 1224 4664; x_wconf 74' lang='grc' dir='ltr'>,καὶ</span> <span class='ocrx_word' id='word_1_400' title='bbox 1260 4608 1367 4673; x_wconf 78' lang='grc' dir='ltr'>ζῶν</span> <span class='ocrx_word' id='word_1_401' title='bbox 1392 4611 1450 4662; x_wconf 90' lang='grc' dir='ltr'>ἐν</span> <span class='ocrx_word' id='word_1_402' title='bbox 1480 4612 1672 4679; x_wconf 82' lang='grc' dir='ltr'>αἵματι</span> <span class='ocrx_word' id='word_1_403' title='bbox 1710 4615 1805 4665; x_wconf 76' lang='grc' dir='ltr'>καὶ</span> 
     </span>
    </p>
   </div>
   <div class='ocr_carea' id='block_1_52' title="bbox 213 4683 1803 4764">
    <p class='ocr_par' dir='ltr' id='par_1_52' title="bbox 213 4683 1803 4764">
     <span class='ocr_line' id='line_1_52' title="bbox 213 4683 1803 4764; baseline 0.006 -26"><span class='ocrx_word' id='word_1_404' title='bbox 213 4683 505 4751; x_wconf 75' lang='grc' dir='ltr'>κινδύνοις,</span> <span class='ocrx_word' id='word_1_405' title='bbox 529 4686 624 4739; x_wconf 77' lang='grc' dir='ltr'>καὶ</span> <span class='ocrx_word' id='word_1_406' title='bbox 656 4687 916 4758; x_wconf 90' lang='grc' dir='ltr'>δαίμονας</span> <span class='ocrx_word' id='word_1_407' title='bbox 950 4688 1221 4755; x_wconf 84' lang='grc' dir='ltr'>ἐλαύνων,</span> <span class='ocrx_word' id='word_1_408' title='bbox 1268 4695 1364 4745; x_wconf 73' lang='grc' dir='ltr'>καὶ</span> <span class='ocrx_word' id='word_1_409' title='bbox 1397 4696 1623 4764; x_wconf 73' lang='grc' dir='ltr'>νεκροὺς</span> <span class='ocrx_word' id='word_1_410' title='bbox 1657 4696 1803 4761; x_wconf 84' lang='grc' dir='ltr'>ἐγεί-</span> 
     </span>
    </p>
   </div>
   <div class='ocr_carea' id='block_1_53' title="bbox 217 4768 1802 4849">
    <p class='ocr_par' dir='ltr' id='par_1_53' title="bbox 217 4768 1802 4849">
     <span class='ocr_line' id='line_1_53' title="bbox 217 4768 1802 4849; baseline 0.007 -29"><span class='ocrx_word' id='word_1_411' title='bbox 217 4783 329 4837; x_wconf 85' lang='grc' dir='ltr'>ρων</span> <span class='ocrx_word' id='word_1_412' title='bbox 352 4807 367 4830; x_wconf 92' lang='grc'>,</span> <span class='ocrx_word' id='word_1_413' title='bbox 398 4769 487 4820; x_wconf 80' lang='grc' dir='ltr'>καὶ</span> <span class='ocrx_word' id='word_1_414' title='bbox 522 4768 708 4823; x_wconf 87' lang='grc' dir='ltr'>παύων</span> <span class='ocrx_word' id='word_1_415' title='bbox 736 4773 1165 4843; x_wconf 81' lang='grc' dir='ltr'>ἀρρωστήματα,</span> <span class='ocrx_word' id='word_1_416' title='bbox 1199 4774 1372 4827; x_wconf 85' lang='grc' dir='ltr'>οὐδενὶ</span> <span class='ocrx_word' id='word_1_417' title='bbox 1397 4777 1601 4829; x_wconf 86' lang='grc' dir='ltr'>τούτων</span> <span class='ocrx_word' id='word_1_418' title='bbox 1636 4778 1802 4849; x_wconf 77' lang='grc' dir='ltr'>ἐθάρ-</span> 
     </span>
    </p>
   </div>
   <div class='ocr_carea' id='block_1_54' title="bbox 216 4853 1803 4933">
    <p class='ocr_par' dir='ltr' id='par_1_54' title="bbox 216 4853 1803 4933">
     <span class='ocr_line' id='line_1_54' title="bbox 216 4853 1803 4933; baseline 0.009 -31"><span class='ocrx_word' id='word_1_419' title='bbox 216 4853 385 4921; x_wconf 76' lang='grc' dir='ltr'>ρησεν</span> <span class='ocrx_word' id='word_1_420' title='bbox 411 4855 489 4917; x_wconf 86' lang='grc' dir='ltr'>είς</span> <span class='ocrx_word' id='word_1_421' title='bbox 521 4855 793 4924; x_wconf 87' lang='grc' dir='ltr'>σωτηρίαν</span> <span class='ocrx_word' id='word_1_422' title='bbox 825 4855 931 4908; x_wconf 84' lang='grc' dir='ltr'>τῶν</span> <span class='ocrx_word' id='word_1_423' title='bbox 960 4856 1288 4927; x_wconf 82' lang='grc' dir='ltr'>ἀνθρώπων,</span> <span class='ocrx_word' id='word_1_424' title='bbox 1320 4859 1455 4913; x_wconf 86' lang='grc' dir='ltr'>ἀλλά</span> <span class='ocrx_word' id='word_1_425' title='bbox 1481 4866 1596 4925; x_wconf 85' lang='grc' dir='ltr'>ταῖς</span> <span class='ocrx_word' id='word_1_426' title='bbox 1634 4880 1803 4933; x_wconf 62' lang='grc' dir='ltr'>προσ-</span> 
     </span>
    </p>
   </div>
   <div class='ocr_carea' id='block_1_55' title="bbox 213 4936 1801 5015">
    <p class='ocr_par' dir='ltr' id='par_1_55' title="bbox 213 4936 1801 5015">
     <span class='ocr_line' id='line_1_55' title="bbox 213 4936 1801 5015; baseline 0.009 -30"><span class='ocrx_word' id='word_1_427' title='bbox 213 4936 404 5003; x_wconf 85' lang='grc' dir='ltr'>ευχαῖς</span> <span class='ocrx_word' id='word_1_428' title='bbox 434 4936 665 5006; x_wconf 78' lang='grc' dir='ltr'>ἐτείχισε</span> <span class='ocrx_word' id='word_1_429' title='bbox 698 4936 797 5008; x_wconf 81' lang='grc' dir='ltr'>τὴν</span> <span class='ocrx_word' id='word_1_430' title='bbox 826 4939 929 5008; x_wconf 84' lang='grc' dir='ltr'>γῆν</span> <span class='ocrx_word' id='word_1_431' title='bbox 950 4939 1015 5004; x_wconf 70' lang='lat' dir='ltr'>‘b,</span> <span class='ocrx_word' id='word_1_432' title='bbox 1061 4942 1157 4993; x_wconf 74' lang='grc' dir='ltr'>καὶ</span> <span class='ocrx_word' id='word_1_433' title='bbox 1187 4941 1327 5010; x_wconf 86' lang='grc' dir='ltr'>μετὰ</span> <span class='ocrx_word' id='word_1_434' title='bbox 1352 4943 1420 4995; x_wconf 86' lang='grc' dir='ltr'>τά</span> <span class='ocrx_word' id='word_1_435' title='bbox 1461 4948 1662 5015; x_wconf 83' lang='grc' dir='ltr'>σημεῖα</span> <span class='ocrx_word' id='word_1_436' title='bbox 1708 4949 1801 5001; x_wconf 79' lang='grc' dir='ltr'>καὶ</span> 
     </span>
    </p>
   </div>
   <div class='ocr_carea' id='block_1_56' title="bbox 210 5019 1801 5101">
    <p class='ocr_par' dir='ltr' id='par_1_56' title="bbox 210 5019 1801 5101">
     <span class='ocr_line' id='line_1_56' title="bbox 210 5019 1801 5101; baseline 0.009 -32"><span class='ocrx_word' id='word_1_437' title='bbox 210 5019 312 5089; x_wconf 87' lang='grc' dir='ltr'>τὴν</span> <span class='ocrx_word' id='word_1_438' title='bbox 337 5019 445 5071; x_wconf 89' lang='grc' dir='ltr'>τῶν</span> <span class='ocrx_word' id='word_1_439' title='bbox 476 5020 685 5091; x_wconf 86' lang='grc' dir='ltr'>νεκρῶν</span> <span class='ocrx_word' id='word_1_440' title='bbox 715 5023 1032 5087; x_wconf 82' lang='grc' dir='ltr'>ἀνάστασιν,</span> <span class='ocrx_word' id='word_1_441' title='bbox 1067 5026 1159 5078; x_wconf 75' lang='grc' dir='ltr'>ἐπὶ</span> <span class='ocrx_word' id='word_1_442' title='bbox 1180 5024 1278 5089; x_wconf 71' lang='grc' dir='ltr'>τάς</span> <span class='ocrx_word' id='word_1_443' title='bbox 1309 5030 1617 5098; x_wconf 74' lang='grc' dir='ltr'>προσευχὰς</span> <span class='ocrx_word' id='word_1_444' title='bbox 1651 5032 1801 5101; x_wconf 80' lang='grc' dir='ltr'>ἐτρε-</span> 
     </span>
    </p>
   </div>
   <div class='ocr_carea' id='block_1_57' title="bbox 211 5102 1799 5181">
    <p class='ocr_par' dir='ltr' id='par_1_57' title="bbox 211 5102 1799 5181">
     <span class='ocr_line' id='line_1_57' title="bbox 211 5102 1799 5181; baseline 0.01 -27"><span class='ocrx_word' id='word_1_445' title='bbox 211 5119 336 5173; x_wconf 84' lang='grc' dir='ltr'>χεν,</span> <span class='ocrx_word' id='word_1_446' title='bbox 390 5102 579 5174; x_wconf 72' lang='grc' dir='ltr'>ὥσπερ</span> <span class='ocrx_word' id='word_1_447' title='bbox 616 5122 701 5171; x_wconf 85' lang='grc' dir='ltr'>τις</span> <span class='ocrx_word' id='word_1_448' title='bbox 739 5107 980 5178; x_wconf 84' lang='grc' dir='ltr'>ἀθλητὴς</span> <span class='ocrx_word' id='word_1_449' title='bbox 1014 5110 1109 5161; x_wconf 78' lang='grc' dir='ltr'>ἐπὶ</span> <span class='ocrx_word' id='word_1_450' title='bbox 1155 5109 1494 5181; x_wconf 87' lang='grc' dir='ltr'>παλαίστραν</span> <span class='ocrx_word' id='word_1_451' title='bbox 1534 5115 1642 5167; x_wconf 82' lang='grc' dir='ltr'>ἀπὸ</span> <span class='ocrx_word' id='word_1_452' title='bbox 1682 5133 1799 5169; x_wconf 88' lang='grc' dir='ltr'>στε-</span> 
     </span>
    </p>
   </div>
   <div class='ocr_carea' id='block_1_58' title="bbox 212 5186 1798 5266">
    <p class='ocr_par' dir='ltr' id='par_1_58' title="bbox 212 5186 1798 5266">
     <span class='ocr_line' id='line_1_58' title="bbox 212 5186 1798 5266; baseline 0.01 -31"><span class='ocrx_word' id='word_1_453' title='bbox 212 5186 406 5251; x_wconf 76' lang='grc' dir='ltr'>φάνου.</span> <span class='ocrx_word' id='word_1_454' title='bbox 436 5187 545 5239; x_wconf 71' lang='grc' dir='ltr'>Καὶ</span> <span class='ocrx_word' id='word_1_455' title='bbox 569 5188 676 5257; x_wconf 87' lang='grc' dir='ltr'>γάρ</span> <span class='ocrx_word' id='word_1_456' title='bbox 707 5191 803 5241; x_wconf 72' lang='grc' dir='ltr'>καὶ</span> <span class='ocrx_word' id='word_1_457' title='bbox 828 5191 927 5261; x_wconf 89' lang='grc' dir='ltr'>τῆς</span> <span class='ocrx_word' id='word_1_458' title='bbox 956 5192 1307 5256; x_wconf 83' lang='grc' dir='ltr'>ἀναστάσεως</span> <span class='ocrx_word' id='word_1_459' title='bbox 1330 5195 1436 5247; x_wconf 90' lang='grc' dir='ltr'>τῶν</span> <span class='ocrx_word' id='word_1_460' title='bbox 1464 5197 1673 5266; x_wconf 87' lang='grc' dir='ltr'>νεκρῶν</span> <span class='ocrx_word' id='word_1_461' title='bbox 1704 5201 1798 5253; x_wconf 78' lang='grc' dir='ltr'>καὶ</span> 
     </span>
    </p>
   </div>
   <div class='ocr_carea' id='block_1_59' title="bbox 209 5266 1799 5349">
    <p class='ocr_par' dir='ltr' id='par_1_59' title="bbox 209 5266 1799 5349">
     <span class='ocr_line' id='line_1_59' title="bbox 209 5266 1799 5349; baseline 0.01 -30"><span class='ocrx_word' id='word_1_462' title='bbox 209 5266 320 5320; x_wconf 88' lang='grc' dir='ltr'>τῶν</span> <span class='ocrx_word' id='word_1_463' title='bbox 353 5268 527 5321; x_wconf 79' lang='grc' dir='ltr'>ἄλλων</span> <span class='ocrx_word' id='word_1_464' title='bbox 561 5272 817 5325; x_wconf 82' lang='grc' dir='ltr'>ἁπάντων</span> <span class='ocrx_word' id='word_1_465' title='bbox 867 5277 897 5345; x_wconf 81' lang='grc' dir='ltr'>ή</span> <span class='ocrx_word' id='word_1_466' title='bbox 947 5276 1227 5346; x_wconf 81' lang='grc' dir='ltr'>προσευχὴ</span> <span class='ocrx_word' id='word_1_467' title='bbox 1277 5280 1513 5349; x_wconf 86' lang='grc' dir='ltr'>χορηγός</span> <span class='ocrx_word' id='word_1_468' title='bbox 1538 5298 1549 5308; x_wconf 93' lang='grc'>·</span> <span class='ocrx_word' id='word_1_469' title='bbox 1580 5283 1673 5334; x_wconf 84' lang='grc' dir='ltr'>καὶ</span> <span class='ocrx_word' id='word_1_470' title='bbox 1720 5285 1799 5335; x_wconf 89' lang='grc' dir='ltr'>εί-</span> 
     </span>
    </p>
   </div>
   <div class='ocr_carea' id='block_1_60' title="bbox 212 5352 1798 5436">
    <p class='ocr_par' dir='ltr' id='par_1_60' title="bbox 212 5352 1798 5436">
     <span class='ocr_line' id='line_1_60' title="bbox 212 5352 1798 5436; baseline 0.012 -33"><span class='ocrx_word' id='word_1_471' title='bbox 212 5352 390 5414; x_wconf 84' lang='grc' dir='ltr'>κότως</span> <span class='ocrx_word' id='word_1_472' title='bbox 432 5364 453 5392; x_wconf 72' lang='grc' dir='ltr'><strong>ο</strong></span> <span class='ocrx_word' id='word_1_473' title='bbox 481 5371 493 5383; x_wconf 90' lang='grc'>·</span> <span class='ocrx_word' id='word_1_474' title='bbox 533 5355 599 5425; x_wconf 78' lang='grc' dir='ltr'>ῆν</span> <span class='ocrx_word' id='word_1_475' title='bbox 661 5356 772 5428; x_wconf 89' lang='grc' dir='ltr'>γάρ</span> <span class='ocrx_word' id='word_1_476' title='bbox 814 5358 1050 5413; x_wconf 76' lang='grc' dir='ltr'>ἐπὶτῶν</span> <span class='ocrx_word' id='word_1_477' title='bbox 1096 5360 1333 5431; x_wconf 82' lang='grc' dir='ltr'>δένδρων</span> <span class='ocrx_word' id='word_1_478' title='bbox 1376 5365 1529 5433; x_wconf 78' lang='grc' dir='ltr'>ἰσχὺν</span> <span class='ocrx_word' id='word_1_479' title='bbox 1569 5366 1682 5436; x_wconf 77' lang='grc' dir='ltr'>ἔχει</span> <span class='ocrx_word' id='word_1_480' title='bbox 1729 5370 1798 5422; x_wconf 77' lang='grc' dir='ltr'>τὰ</span> 
     </span>
    </p>
   </div>
   <div class='ocr_carea' id='block_1_61' title="bbox 213 5436 1792 5522">
    <p class='ocr_par' dir='ltr' id='par_1_61' title="bbox 213 5436 1792 5522">
     <span class='ocr_line' id='line_1_61' title="bbox 213 5436 1792 5522; baseline 0.012 -36"><span class='ocrx_word' id='word_1_481' title='bbox 213 5436 405 5522; x_wconf 61' lang='grc' dir='ltr'>ῦδατα,</span> <span class='ocrx_word' id='word_1_482' title='bbox 438 5436 643 5508; x_wconf 85' lang='grc' dir='ltr'>ταύτην</span> <span class='ocrx_word' id='word_1_483' title='bbox 672 5442 764 5493; x_wconf 76' lang='grc' dir='ltr'>ἐπὶ</span> <span class='ocrx_word' id='word_1_484' title='bbox 784 5442 877 5494; x_wconf 79' lang='grc' dir='ltr'>τοῦ</span> <span class='ocrx_word' id='word_1_485' title='bbox 904 5443 1021 5513; x_wconf 79' lang='grc' dir='ltr'>βίου</span> <span class='ocrx_word' id='word_1_486' title='bbox 1049 5444 1156 5497; x_wconf 89' lang='grc' dir='ltr'>τῶν</span> <span class='ocrx_word' id='word_1_487' title='bbox 1188 5445 1358 5514; x_wconf 87' lang='grc' dir='ltr'>ἀγίων</span> <span class='ocrx_word' id='word_1_488' title='bbox 1389 5450 1442 5500; x_wconf 85' lang='grc' dir='ltr'>αἱ</span> <span class='ocrx_word' id='word_1_489' title='bbox 1470 5454 1792 5522; x_wconf 78' lang='grc' dir='ltr'>προσευχαί.</span> 
     </span>
    </p>
   </div>
   <div class='ocr_carea' id='block_1_62' title="bbox 224 5519 1793 5605">
    <p class='ocr_par' dir='ltr' id='par_1_62' title="bbox 224 5519 1793 5605">
     <span class='ocr_line' id='line_1_62' title="bbox 224 5519 1793 5605; baseline 0.01 -32"><span class='ocrx_word' id='word_1_490' title='bbox 224 5519 319 5574; x_wconf 79' lang='grc' dir='ltr'>Ἐν</span> <span class='ocrx_word' id='word_1_491' title='bbox 372 5523 438 5591; x_wconf 78' lang='grc' dir='ltr'>τῇ</span> <span class='ocrx_word' id='word_1_492' title='bbox 492 5522 648 5575; x_wconf 77' lang='grc' dir='ltr'>νυκτὶ</span> <span class='ocrx_word' id='word_1_493' title='bbox 695 5525 869 5598; x_wconf 85' lang='grc' dir='ltr'>ταύτῃ</span> <span class='ocrx_word' id='word_1_494' title='bbox 924 5528 1101 5598; x_wconf 79' lang='grc' dir='ltr'>ἄρδων</span> <span class='ocrx_word' id='word_1_495' title='bbox 1135 5529 1232 5601; x_wconf 85' lang='grc' dir='ltr'>τὴν</span> <span class='ocrx_word' id='word_1_496' title='bbox 1264 5530 1441 5602; x_wconf 79' lang='grc' dir='ltr'>ψυχὴν</span> <span class='ocrx_word' id='word_1_497' title='bbox 1480 5519 1523 5585; x_wconf 81' lang='lat'>6</span> <span class='ocrx_word' id='word_1_498' title='bbox 1560 5519 1793 5605; x_wconf 79' lang='grc' dir='ltr'>Παῦλος,</span> 
     </span>
    </p>
   </div>
   <div class='ocr_carea' id='block_1_63' title="bbox 276 5656 1797 5727">
    <p class='ocr_par' dir='ltr' id='par_1_63' title="bbox 276 5656 1797 5727">
     <span class='ocr_line' id='line_1_63' title="bbox 276 5656 1797 5727; baseline 0.012 -23"><span class='ocrx_word' id='word_1_499' title='bbox 276 5656 407 5727; x_wconf 72' lang='lat' dir='ltr'>&#39;_Sic</span> <span class='ocrx_word' id='word_1_500' title='bbox 421 5671 519 5727; x_wconf 77' lang='lat' dir='ltr'>pos</span> <span class='ocrx_word' id='word_1_501' title='bbox 538 5672 567 5707; x_wconf 87' lang='lat' dir='ltr'><strong>e</strong></span> <span class='ocrx_word' id='word_1_502' title='bbox 588 5660 786 5720; x_wconf 74' lang='lat' dir='ltr'>Savilio,</span> <span class='ocrx_word' id='word_1_503' title='bbox 815 5675 899 5725; x_wconf 87' lang='lat' dir='ltr'><strong>pro</strong></span> <span class='ocrx_word' id='word_1_504' title='bbox 921 5675 984 5711; x_wconf 87' lang='lat' dir='ltr'>eo</span> <span class='ocrx_word' id='word_1_505' title='bbox 1004 5666 1135 5726; x_wconf 76' lang='lat' dir='ltr'><strong>quod</strong></span> <span class='ocrx_word' id='word_1_506' title='bbox 1175 5666 1452 5727; x_wconf 74' lang='lat' dir='ltr'>legebatur,</span> <span class='ocrx_word' id='word_1_507' title='bbox 1478 5670 1613 5716; x_wconf 82' lang='grc' dir='ltr'>ποῖον</span> <span class='ocrx_word' id='word_1_508' title='bbox 1636 5672 1797 5725; x_wconf 77' lang='grc' dir='ltr'>οἱκ....</span> 
     </span>
    </p>
   </div>
   <div class='ocr_carea' id='block_1_64' title="bbox 216 5718 1042 5797">
    <p class='ocr_par' dir='ltr' id='par_1_64' title="bbox 216 5718 1042 5797">
     <span class='ocr_line' id='line_1_64' title="bbox 216 5718 1042 5797; baseline 0.002 0"><span class='ocrx_word' id='word_1_509' title='bbox 216 5718 550 5797; x_wconf 47' lang='lat'>“31%”?-</span> <span class='ocrx_word' id='word_1_510' title='bbox 592 5784 604 5797; x_wconf 86' lang='lat'><em>.</em></span> <span class='ocrx_word' id='word_1_511' title='bbox 776 5718 827 5755; x_wconf 69' lang='grc' dir='ltr'><strong>τ’</strong></span> <span class='ocrx_word' id='word_1_512' title='bbox 1023 5718 1042 5735; x_wconf 86' lang='grc'>”</span> 
     </span>
    </p>
   </div>
   <div class='ocr_carea' id='block_1_65' title="bbox 273 5780 1665 5914">
    <p class='ocr_par' dir='ltr' id='par_1_65' title="bbox 273 5780 1665 5914">
     <span class='ocr_line' id='line_1_65' title="bbox 273 5780 1173 5847; baseline 0.006 -17"><span class='ocrx_word' id='word_1_513' title='bbox 273 5780 303 5821; x_wconf 60' lang='grc' dir='ltr'>λθ</span> <span class='ocrx_word' id='word_1_514' title='bbox 322 5781 455 5831; x_wconf 63' lang='lat' dir='ltr'>Cum.</span> <span class='ocrx_word' id='word_1_515' title='bbox 482 5784 653 5844; x_wconf 77' lang='grc' dir='ltr'>ψυχήν.</span> <span class='ocrx_word' id='word_1_516' title='bbox 1170 5844 1173 5847; x_wconf 95' lang='lat'><em>_</em></span> 
     </span>
     <span class='ocr_line' id='line_1_66' title="bbox 278 5843 1665 5914; baseline 0.009 -23"><span class='ocrx_word' id='word_1_517' title='bbox 278 5845 300 5872; x_wconf 82' lang='lat'><strong>&quot;</strong></span> <span class='ocrx_word' id='word_1_518' title='bbox 328 5843 441 5891; x_wconf 58' lang='lat' dir='ltr'>Herc</span> <span class='ocrx_word' id='word_1_519' title='bbox 494 5846 657 5899; x_wconf 72' lang='lat' dir='ltr'><strong>verba.</strong></span> <span class='ocrx_word' id='word_1_520' title='bbox 681 5848 760 5893; x_wconf 80' lang='grc' dir='ltr'>καὶ</span> <span class='ocrx_word' id='word_1_521' title='bbox 786 5848 997 5899; x_wconf 76' lang='grc' dir='ltr'>εἰκότως,</span> <span class='ocrx_word' id='word_1_522' title='bbox 1023 5862 1049 5895; x_wconf 65' lang='grc' dir='ltr'>(ι</span> <span class='ocrx_word' id='word_1_523' title='bbox 1074 5849 1255 5899; x_wconf 71' lang='lat' dir='ltr'>Savilio</span> <span class='ocrx_word' id='word_1_524' title='bbox 1282 5860 1500 5914; x_wconf 64' lang='lat' dir='ltr'>templa.</span> <span class='ocrx_word' id='word_1_525' title='bbox 1531 5854 1665 5908; x_wconf 70' lang='lat' dir='ltr'>lion.</span> 
     </span>
    </p>
   </div>
   <div class='ocr_carea' id='block_1_66' title="bbox 513 5940 1044 6015">
    <p class='ocr_par' dir='ltr' id='par_1_66' title="bbox 513 5940 1044 6015">
     <span class='ocr_line' id='line_1_67' title="bbox 513 5940 1044 6015; baseline 0.019 -16"><span class='ocrx_word' id='word_1_526' title='bbox 513 5940 783 6015; x_wconf 41' lang='lat' dir='ltr'>P‘ATROL.</span> <span class='ocrx_word' id='word_1_527' title='bbox 821 5947 935 6006; x_wconf 73' lang='lat' dir='ltr'>Gn.</span> <span class='ocrx_word' id='word_1_528' title='bbox 981 5950 1044 6009; x_wconf 80' lang='grc' dir='ltr'>Ι...</span> 
     </span>
    </p>
   </div>
   <div class='ocr_carea' id='block_1_67' title="bbox 1495 399 2161 461">
    <p class='ocr_par' dir='ltr' id='par_1_67' title="bbox 1495 399 2161 461">
     <span class='ocr_line' id='line_1_68' title="bbox 1495 399 2161 461; baseline -0.005 -3"><span class='ocrx_word' id='word_1_529' title='bbox 1495 404 1585 460; x_wconf 83' lang='lat' dir='ltr'><strong>DE</strong></span> <span class='ocrx_word' id='word_1_530' title='bbox 1620 399 2060 461; x_wconf 78' lang='lat' dir='ltr'>PRECATIONE</span> <span class='ocrx_word' id='word_1_531' title='bbox 2097 400 2161 455; x_wconf 92' lang='lat' dir='ltr'>ll.</span> 
     </span>
    </p>
   </div>
   <div class='ocr_carea' id='block_1_68' title="bbox 3391 399 3497 454">
    <p class='ocr_par' dir='ltr' id='par_1_68' title="bbox 3391 399 3497 454">
     <span class='ocr_line' id='line_1_69' title="bbox 3391 399 3497 454; baseline 0.009 -2"><span class='ocrx_word' id='word_1_532' title='bbox 3391 399 3497 454; x_wconf 66' lang='lat' dir='ltr'>7R5</span> 
     </span>
    </p>
   </div>
   <div class='ocr_carea' id='block_1_69' title="bbox 1908 509 3503 585">
    <p class='ocr_par' dir='ltr' id='par_1_69' title="bbox 1908 509 3503 585">
     <span class='ocr_line' id='line_1_70' title="bbox 1908 509 3503 585; baseline 0 -19"><span class='ocrx_word' id='word_1_533' title='bbox 1908 511 2090 566; x_wconf 87' lang='grc' dir='ltr'>πάντα</span> <span class='ocrx_word' id='word_1_534' title='bbox 2120 509 2391 581; x_wconf 79' lang='grc' dir='ltr'>ὑπέμενεν</span> <span class='ocrx_word' id='word_1_535' title='bbox 2420 512 2661 585; x_wconf 84' lang='grc' dir='ltr'>εὐχερῶς</span> <span class='ocrx_word' id='word_1_536' title='bbox 2687 511 2755 567; x_wconf 74' lang='grc' dir='ltr'>τὰ</span> <span class='ocrx_word' id='word_1_537' title='bbox 2778 511 2946 575; x_wconf 74' lang='grc' dir='ltr'>δεινὰ,</span> <span class='ocrx_word' id='word_1_538' title='bbox 2971 510 3228 583; x_wconf 86' lang='grc' dir='ltr'>παρέχων</span> <span class='ocrx_word' id='word_1_539' title='bbox 3256 509 3325 565; x_wconf 80' lang='grc' dir='ltr'>τὰ</span> <span class='ocrx_word' id='word_1_540' title='bbox 3353 513 3503 567; x_wconf 82' lang='grc' dir='ltr'>νῶτα</span> 
     </span>
    </p>
   </div>
   <div class='ocr_carea' id='block_1_70' title="bbox 1905 592 3497 668">
    <p class='ocr_par' dir='ltr' id='par_1_70' title="bbox 1905 592 3497 668">
     <span class='ocr_line' id='line_1_71' title="bbox 1905 592 3497 668; baseline 0.001 -22"><span class='ocrx_word' id='word_1_541' title='bbox 1905 596 2030 657; x_wconf 87' lang='grc' dir='ltr'>ταῖς</span> <span class='ocrx_word' id='word_1_542' title='bbox 2075 592 2313 665; x_wconf 89' lang='grc' dir='ltr'>πληγαῖς</span> <span class='ocrx_word' id='word_1_543' title='bbox 2346 593 2537 668; x_wconf 82' lang='grc' dir='ltr'>ὥσπερ</span> <span class='ocrx_word' id='word_1_544' title='bbox 2573 596 2815 668; x_wconf 87' lang='grc' dir='ltr'>ἀνδριάς.</span> <span class='ocrx_word' id='word_1_545' title='bbox 2858 594 3049 659; x_wconf 80' lang='grc' dir='ltr'>Οὕτως</span> <span class='ocrx_word' id='word_1_546' title='bbox 3080 598 3139 649; x_wconf 79' lang='grc' dir='ltr'>έν</span> <span class='ocrx_word' id='word_1_547' title='bbox 3187 595 3497 667; x_wconf 75' lang='grc' dir='ltr'>Μακεδονίᾳ</span> 
     </span>
    </p>
   </div>
   <div class='ocr_carea' id='block_1_71' title="bbox 1904 676 3501 751">
    <p class='ocr_par' dir='ltr' id='par_1_71' title="bbox 1904 676 3501 751">
     <span class='ocr_line' id='line_1_72' title="bbox 1904 676 3501 751; baseline 0.002 -22"><span class='ocrx_word' id='word_1_548' title='bbox 1904 676 1966 730; x_wconf 83' lang='grc' dir='ltr'>τὸ</span> <span class='ocrx_word' id='word_1_549' title='bbox 2001 676 2376 750; x_wconf 88' lang='grc' dir='ltr'>δεσμωτήριον</span> <span class='ocrx_word' id='word_1_550' title='bbox 2412 678 2652 733; x_wconf 75' lang='grc' dir='ltr'>ἔσεισεν·</span> <span class='ocrx_word' id='word_1_551' title='bbox 2683 680 2829 733; x_wconf 74' lang='grc' dir='ltr'>οὕτω</span> <span class='ocrx_word' id='word_1_552' title='bbox 2872 680 2942 733; x_wconf 87' lang='grc' dir='ltr'>τά</span> <span class='ocrx_word' id='word_1_553' title='bbox 2988 679 3167 749; x_wconf 88' lang='grc' dir='ltr'>δεσμά</span> <span class='ocrx_word' id='word_1_554' title='bbox 3213 679 3501 751; x_wconf 78' lang='grc' dir='ltr'>διέρρηξεν</span> 
     </span>
    </p>
   </div>
   <div class='ocr_carea' id='block_1_72' title="bbox 1904 764 3501 839">
    <p class='ocr_par' dir='ltr' id='par_1_72' title="bbox 1904 764 3501 839">
     <span class='ocr_line' id='line_1_73' title="bbox 1904 764 3501 839; baseline 0.001 -20"><span class='ocrx_word' id='word_1_555' title='bbox 1904 764 2096 836; x_wconf 87' lang='grc' dir='ltr'>ὥσπερ</span> <span class='ocrx_word' id='word_1_556' title='bbox 2140 764 2279 819; x_wconf 87' lang='grc' dir='ltr'>λέων</span> <span class='ocrx_word' id='word_1_557' title='bbox 2314 770 2436 831; x_wconf 85' lang='grc' dir='ltr'>ταῖς</span> <span class='ocrx_word' id='word_1_558' title='bbox 2467 770 2798 839; x_wconf 88' lang='grc' dir='ltr'>προσευχαῖς</span> <span class='ocrx_word' id='word_1_559' title='bbox 2824 784 2836 796; x_wconf 94' lang='grc'>·</span> <span class='ocrx_word' id='word_1_560' title='bbox 2869 767 3013 821; x_wconf 76' lang='grc' dir='ltr'>οὕτω</span> <span class='ocrx_word' id='word_1_561' title='bbox 3036 768 3128 822; x_wconf 78' lang='grc' dir='ltr'>τὸν</span> <span class='ocrx_word' id='word_1_562' title='bbox 3156 767 3251 821; x_wconf 87' lang='grc' dir='ltr'>τοῦ</span> <span class='ocrx_word' id='word_1_563' title='bbox 3286 769 3501 838; x_wconf 66' lang='grc' dir='ltr'>δεσμωη</span> 
     </span>
    </p>
   </div>
   <div class='ocr_carea' id='block_1_73' title="bbox 1904 846 3503 923">
    <p class='ocr_par' dir='ltr' id='par_1_73' title="bbox 1904 846 3503 923">
     <span class='ocr_line' id='line_1_74' title="bbox 1904 846 3503 923; baseline 0.003 -24"><span class='ocrx_word' id='word_1_564' title='bbox 1904 846 2095 918; x_wconf 86' lang='grc' dir='ltr'>τηρίου</span> <span class='ocrx_word' id='word_1_565' title='bbox 2145 848 2363 917; x_wconf 87' lang='grc' dir='ltr'>φύλακα</span> <span class='ocrx_word' id='word_1_566' title='bbox 2415 854 2521 923; x_wconf 64' lang='grc' dir='ltr'>τῆς</span> <span class='ocrx_word' id='word_1_567' title='bbox 2556 852 2766 921; x_wconf 84' lang='grc' dir='ltr'>πλάνης</span> <span class='ocrx_word' id='word_1_568' title='bbox 2816 852 3163 923; x_wconf 85' lang='grc' dir='ltr'>ἐξήρπασεν·</span> <span class='ocrx_word' id='word_1_569' title='bbox 3204 852 3349 906; x_wconf 83' lang='grc' dir='ltr'>οὐτω</span> <span class='ocrx_word' id='word_1_570' title='bbox 3401 852 3503 920; x_wconf 76' lang='grc' dir='ltr'>τὴν</span> 
     </span>
    </p>
   </div>
   <div class='ocr_carea' id='block_1_74' title="bbox 1902 932 3505 1006">
    <p class='ocr_par' dir='ltr' id='par_1_74' title="bbox 1902 932 3505 1006">
     <span class='ocr_line' id='line_1_75' title="bbox 1902 932 3505 1006; baseline 0.003 -23"><span class='ocrx_word' id='word_1_571' title='bbox 1902 932 2196 1001; x_wconf 86' lang='grc' dir='ltr'>τυραννίδα</span> <span class='ocrx_word' id='word_1_572' title='bbox 2227 933 2337 987; x_wconf 90' lang='grc' dir='ltr'>τῶν</span> <span class='ocrx_word' id='word_1_573' title='bbox 2368 934 2642 1003; x_wconf 87' lang='grc' dir='ltr'>δαιμόνων</span> <span class='ocrx_word' id='word_1_574' title='bbox 2676 936 2957 989; x_wconf 87' lang='grc' dir='ltr'>κατέλυσε.</span> <span class='ocrx_word' id='word_1_575' title='bbox 2992 936 3103 989; x_wconf 73' lang='grc' dir='ltr'>Καὶ</span> <span class='ocrx_word' id='word_1_576' title='bbox 3140 936 3248 1006; x_wconf 89' lang='grc' dir='ltr'>μὴν</span> <span class='ocrx_word' id='word_1_577' title='bbox 3276 936 3505 988; x_wconf 78' lang='grc' dir='ltr'>κάκεῖνά</span> 
     </span>
    </p>
   </div>
   <div class='ocr_carea' id='block_1_75' title="bbox 1902 1014 3506 1089">
    <p class='ocr_par' dir='ltr' id='par_1_75' title="bbox 1902 1014 3506 1089">
     <span class='ocr_line' id='line_1_76' title="bbox 1902 1014 3506 1089; baseline 0.002 -23"><span class='ocrx_word' id='word_1_578' title='bbox 1902 1030 1968 1081; x_wconf 87' lang='grc' dir='ltr'>γε</span> <span class='ocrx_word' id='word_1_579' title='bbox 1988 1014 2168 1084; x_wconf 76' lang='grc' dir='ltr'>ἴσμεν,</span> <span class='ocrx_word' id='word_1_580' title='bbox 2186 1014 2222 1069; x_wconf 77' lang='grc' dir='ltr'>ἃ</span> <span class='ocrx_word' id='word_1_581' title='bbox 2240 1016 2444 1086; x_wconf 86' lang='grc' dir='ltr'>γράφει</span> <span class='ocrx_word' id='word_1_582' title='bbox 2469 1018 2605 1088; x_wconf 83' lang='grc' dir='ltr'>πρὸς</span> <span class='ocrx_word' id='word_1_583' title='bbox 2628 1019 2834 1080; x_wconf 88' lang='grc' dir='ltr'>πάντας</span> <span class='ocrx_word' id='word_1_584' title='bbox 2851 1017 3194 1089; x_wconf 88' lang='grc' dir='ltr'>ἀνθρώπους·</span> <span class='ocrx_word' id='word_1_585' title='bbox 3222 1017 3302 1085; x_wconf 79' lang='grc' dir='ltr'>Τῇ</span> <span class='ocrx_word' id='word_1_586' title='bbox 3318 1034 3506 1085; x_wconf 81' lang='grc' dir='ltr'>προσ-</span> 
     </span>
    </p>
   </div>
   <div class='ocr_carea' id='block_1_76' title="bbox 1902 1096 3499 1170">
    <p class='ocr_par' dir='ltr' id='par_1_76' title="bbox 1902 1096 3499 1170">
     <span class='ocr_line' id='line_1_77' title="bbox 1902 1096 3499 1170; baseline 0.002 -20"><span class='ocrx_word' id='word_1_587' title='bbox 1902 1096 2058 1166; x_wconf 82' lang='grc' dir='ltr'>ευχῇ</span> <span class='ocrx_word' id='word_1_588' title='bbox 2116 1099 2645 1167; x_wconf 82' lang='grc' dir='ltr'>προσκαρτερεῖτε,</span> <span class='ocrx_word' id='word_1_589' title='bbox 2707 1099 3145 1170; x_wconf 75' lang='grc' dir='ltr'>γρηγοροῦντες</span> <span class='ocrx_word' id='word_1_590' title='bbox 3200 1101 3272 1154; x_wconf 85' lang='grc' dir='ltr'>ἐν</span> <span class='ocrx_word' id='word_1_591' title='bbox 3312 1099 3499 1167; x_wconf 77' lang='grc' dir='ltr'>αὐτῇ,</span> 
     </span>
    </p>
   </div>
   <div class='ocr_carea' id='block_1_77' title="bbox 1902 1176 3499 1253">
    <p class='ocr_par' dir='ltr' id='par_1_77' title="bbox 1902 1176 3499 1253">
     <span class='ocr_line' id='line_1_78' title="bbox 1902 1176 3499 1253; baseline 0.002 -20"><span class='ocrx_word' id='word_1_592' title='bbox 1902 1179 1973 1233; x_wconf 81' lang='grc' dir='ltr'>ἐν</span> <span class='ocrx_word' id='word_1_593' title='bbox 1997 1176 2370 1251; x_wconf 60' lang='grc' dir='ltr'>εὐχαρὶῢτίᾳ,</span> <span class='ocrx_word' id='word_1_594' title='bbox 2394 1184 2873 1252; x_wconf 82' lang='grc' dir='ltr'>προσευχόμενοι</span> <span class='ocrx_word' id='word_1_595' title='bbox 2899 1183 3022 1253; x_wconf 82' lang='grc' dir='ltr'>ἅμα</span> <span class='ocrx_word' id='word_1_596' title='bbox 3048 1184 3147 1248; x_wconf 70' lang='grc' dir='ltr'>καί</span> <span class='ocrx_word' id='word_1_597' title='bbox 3175 1183 3309 1251; x_wconf 74' lang='grc' dir='ltr'>περὶ</span> <span class='ocrx_word' id='word_1_598' title='bbox 3330 1182 3499 1251; x_wconf 80' lang='grc' dir='ltr'>ἐμοῦ,</span> 
     </span>
    </p>
   </div>
   <div class='ocr_carea' id='block_1_78' title="bbox 1903 1262 3500 1336">
    <p class='ocr_par' dir='ltr' id='par_1_78' title="bbox 1903 1262 3500 1336">
     <span class='ocr_line' id='line_1_79' title="bbox 1903 1262 3500 1336; baseline 0.002 -21"><span class='ocrx_word' id='word_1_599' title='bbox 1903 1262 2022 1316; x_wconf 77' lang='grc' dir='ltr'>ἵνα.</span> <span class='ocrx_word' id='word_1_600' title='bbox 2030 1282 2134 1333; x_wconf 81' lang='grc' dir='ltr'>μοι</span> <span class='ocrx_word' id='word_1_601' title='bbox 2170 1265 2320 1335; x_wconf 80' lang='grc' dir='ltr'>δοθῇ</span> <span class='ocrx_word' id='word_1_602' title='bbox 2346 1268 2531 1336; x_wconf 66' lang='grc' dir='ltr'>λόγος</span> <span class='ocrx_word' id='word_1_603' title='bbox 2558 1267 2628 1319; x_wconf 86' lang='grc' dir='ltr'>ἐν</span> <span class='ocrx_word' id='word_1_604' title='bbox 2655 1266 2884 1330; x_wconf 78' lang='grc' dir='ltr'>ἀνοίξει</span> <span class='ocrx_word' id='word_1_605' title='bbox 2914 1265 3022 1319; x_wconf 90' lang='grc' dir='ltr'>τοῦ</span> <span class='ocrx_word' id='word_1_606' title='bbox 3063 1266 3362 1335; x_wconf 86' lang='grc' dir='ltr'>στόματός</span> <span class='ocrx_word' id='word_1_607' title='bbox 3379 1282 3500 1335; x_wconf 80' lang='grc' dir='ltr'>μου</span> 
     </span>
    </p>
   </div>
   <div class='ocr_carea' id='block_1_79' title="bbox 1903 1347 3505 1419">
    <p class='ocr_par' dir='ltr' id='par_1_79' title="bbox 1903 1347 3505 1419">
     <span class='ocr_line' id='line_1_80' title="bbox 1903 1347 3505 1419; baseline 0.004 -20"><span class='ocrx_word' id='word_1_608' title='bbox 1903 1347 1973 1399; x_wconf 80' lang='grc' dir='ltr'>ἐν</span> <span class='ocrx_word' id='word_1_609' title='bbox 1998 1350 2324 1417; x_wconf 74' lang='grc' dir='ltr'>παρρησίᾳ,</span> <span class='ocrx_word' id='word_1_610' title='bbox 2342 1348 2631 1418; x_wconf 62' lang='grc' dir='ltr'>..λαλῆσαι</span> <span class='ocrx_word' id='word_1_611' title='bbox 2657 1350 2723 1403; x_wconf 81' lang='grc' dir='ltr'>τὸ</span> <span class='ocrx_word' id='word_1_612' title='bbox 2738 1349 3080 1419; x_wconf 84' lang='grc' dir='ltr'>μυστήριον</span> <span class='ocrx_word' id='word_1_613' title='bbox 3101 1348 3205 1403; x_wconf 88' lang='grc' dir='ltr'>τοῦ</span> <span class='ocrx_word' id='word_1_614' title='bbox 3246 1347 3505 1417; x_wconf 51' lang='lat' dir='ltr'>E6217“)?-</span> 
     </span>
    </p>
   </div>
   <div class='ocr_carea' id='block_1_80' title="bbox 1903 1430 3503 1503">
    <p class='ocr_par' dir='ltr' id='par_1_80' title="bbox 1903 1430 3503 1503">
     <span class='ocr_line' id='line_1_81' title="bbox 1903 1430 3503 1503; baseline -0.001 -20"><span class='ocrx_word' id='word_1_615' title='bbox 1903 1430 2065 1485; x_wconf 75' lang='grc' dir='ltr'>λίου.</span> <span class='ocrx_word' id='word_1_616' title='bbox 2098 1431 2163 1483; x_wconf 86' lang='grc' dir='ltr'>Τί</span> <span class='ocrx_word' id='word_1_617' title='bbox 2192 1431 2401 1500; x_wconf 87' lang='grc' dir='ltr'>λέγεις;</span> <span class='ocrx_word' id='word_1_618' title='bbox 2434 1432 2707 1503; x_wconf 87' lang='grc' dir='ltr'>τοσαύτην</span> <span class='ocrx_word' id='word_1_619' title='bbox 2740 1434 2872 1503; x_wconf 80' lang='grc' dir='ltr'>ἡμῖν</span> <span class='ocrx_word' id='word_1_620' title='bbox 2908 1432 3223 1503; x_wconf 67' lang='grc' dir='ltr'>παρρησίαν</span> <span class='ocrx_word' id='word_1_621' title='bbox 3246 1433 3301 1484; x_wconf 86' lang='grc' dir='ltr'>αἱ</span> <span class='ocrx_word' id='word_1_622' title='bbox 3333 1448 3503 1501; x_wconf 78' lang='grc' dir='ltr'>προσ·</span> 
     </span>
    </p>
   </div>
   <div class='ocr_carea' id='block_1_81' title="bbox 1905 1512 3501 1587">
    <p class='ocr_par' dir='ltr' id='par_1_81' title="bbox 1905 1512 3501 1587">
     <span class='ocr_line' id='line_1_82' title="bbox 1905 1512 3501 1587; baseline 0 -22"><span class='ocrx_word' id='word_1_623' title='bbox 1905 1514 2063 1582; x_wconf 87' lang='grc' dir='ltr'>ευχα“ι</span> <span class='ocrx_word' id='word_1_624' title='bbox 2096 1512 2367 1581; x_wconf 86' lang='grc' dir='ltr'>διδόασιν,</span> <span class='ocrx_word' id='word_1_625' title='bbox 2399 1516 2475 1578; x_wconf 85' lang='grc' dir='ltr'>ὡς</span> <span class='ocrx_word' id='word_1_626' title='bbox 2524 1517 2665 1587; x_wconf 78' lang='grc' dir='ltr'>ὑπὲρ</span> <span class='ocrx_word' id='word_1_627' title='bbox 2722 1516 2939 1569; x_wconf 88' lang='grc' dir='ltr'>Παύλου</span> <span class='ocrx_word' id='word_1_628' title='bbox 2985 1515 3193 1586; x_wconf 86' lang='grc' dir='ltr'>τολμᾷν</span> <span class='ocrx_word' id='word_1_629' title='bbox 3242 1514 3333 1566; x_wconf 87' lang='grc' dir='ltr'>τὸν</span> <span class='ocrx_word' id='word_1_630' title='bbox 3368 1514 3501 1566; x_wconf 77' lang='grc' dir='ltr'>Θεὸν</span> 
     </span>
    </p>
   </div>
   <div class='ocr_carea' id='block_1_82' title="bbox 1908 1597 3501 1671">
    <p class='ocr_par' dir='ltr' id='par_1_82' title="bbox 1908 1597 3501 1671">
     <span class='ocr_line' id='line_1_83' title="bbox 1908 1597 3501 1671; baseline -0.001 -21"><span class='ocrx_word' id='word_1_631' title='bbox 1908 1597 2206 1664; x_wconf 85' lang='grc' dir='ltr'>ἰκετεύειν;</span> <span class='ocrx_word' id='word_1_632' title='bbox 2240 1600 2322 1663; x_wconf 89' lang='grc' dir='ltr'>τίς</span> <span class='ocrx_word' id='word_1_633' title='bbox 2360 1600 2538 1669; x_wconf 80' lang='grc' dir='ltr'>τολμᾷ</span> <span class='ocrx_word' id='word_1_634' title='bbox 2577 1598 2918 1671; x_wconf 87' lang='grc' dir='ltr'>στρατιώτης</span> <span class='ocrx_word' id='word_1_635' title='bbox 2951 1598 3094 1669; x_wconf 83' lang='grc' dir='ltr'>ὑπὲρ</span> <span class='ocrx_word' id='word_1_636' title='bbox 3125 1598 3220 1651; x_wconf 89' lang='grc' dir='ltr'>τοῦ</span> <span class='ocrx_word' id='word_1_637' title='bbox 3262 1597 3501 1669; x_wconf 81' lang='grc' dir='ltr'>μεγάλου</span> 
     </span>
    </p>
   </div>
   <div class='ocr_carea' id='block_1_83' title="bbox 1908 1682 3503 1755">
    <p class='ocr_par' dir='ltr' id='par_1_83' title="bbox 1908 1682 3503 1755">
     <span class='ocr_line' id='line_1_84' title="bbox 1908 1682 3503 1755; baseline -0.001 -21"><span class='ocrx_word' id='word_1_638' title='bbox 1908 1683 2219 1753; x_wconf 88' lang='grc' dir='ltr'>στρατηγοῦ</span> <span class='ocrx_word' id='word_1_639' title='bbox 2258 1684 2349 1737; x_wconf 80' lang='grc' dir='ltr'>τὸν</span> <span class='ocrx_word' id='word_1_640' title='bbox 2395 1684 2619 1755; x_wconf 75' lang='grc' dir='ltr'>βασιλέα</span> <span class='ocrx_word' id='word_1_641' title='bbox 2666 1683 3043 1755; x_wconf 76' lang='grc' dir='ltr'>παρακαλεῖνς</span> <span class='ocrx_word' id='word_1_642' title='bbox 3080 1682 3273 1736; x_wconf 78' lang='grc' dir='ltr'>Καίτοι</span> <span class='ocrx_word' id='word_1_643' title='bbox 3307 1698 3371 1749; x_wconf 89' lang='grc' dir='ltr'>γε</span> <span class='ocrx_word' id='word_1_644' title='bbox 3413 1683 3503 1733; x_wconf 77' lang='grc' dir='ltr'>οῦ-</span> 
     </span>
    </p>
   </div>
   <div class='ocr_carea' id='block_1_84' title="bbox 1904 1765 3503 1839">
    <p class='ocr_par' dir='ltr' id='par_1_84' title="bbox 1904 1765 3503 1839">
     <span class='ocr_line' id='line_1_85' title="bbox 1904 1765 3503 1839; baseline 0 -22"><span class='ocrx_word' id='word_1_645' title='bbox 1904 1765 2016 1828; x_wconf 85' lang='grc' dir='ltr'>δεὶς</span> <span class='ocrx_word' id='word_1_646' title='bbox 2041 1766 2184 1820; x_wconf 83' lang='grc' dir='ltr'>οῦτω</span> <span class='ocrx_word' id='word_1_647' title='bbox 2209 1769 2517 1838; x_wconf 79' lang='grc' dir='ltr'>στρατηγὸς</span> <span class='ocrx_word' id='word_1_648' title='bbox 2546 1767 2624 1839; x_wconf 86' lang='grc' dir='ltr'>τῷ</span> <span class='ocrx_word' id='word_1_649' title='bbox 2650 1768 2858 1837; x_wconf 81' lang='grc' dir='ltr'>βασιλεῖ</span> <span class='ocrx_word' id='word_1_650' title='bbox 2888 1769 3063 1837; x_wconf 80' lang='grc' dir='ltr'>φίλος,</span> <span class='ocrx_word' id='word_1_651' title='bbox 3092 1766 3169 1829; x_wconf 75' lang='grc' dir='ltr'>ὡς</span> <span class='ocrx_word' id='word_1_652' title='bbox 3194 1766 3403 1827; x_wconf 86' lang='grc' dir='ltr'>Παῦλος</span> <span class='ocrx_word' id='word_1_653' title='bbox 3424 1766 3503 1835; x_wconf 82' lang='grc' dir='ltr'>τῷ</span> 
     </span>
    </p>
   </div>
   <div class='ocr_carea' id='block_1_85' title="bbox 1906 1848 3502 1923">
    <p class='ocr_par' dir='ltr' id='par_1_85' title="bbox 1906 1848 3502 1923">
     <span class='ocr_line' id='line_1_86' title="bbox 1906 1848 3502 1923; baseline 0.001 -23"><span class='ocrx_word' id='word_1_654' title='bbox 1906 1848 2053 1916; x_wconf 84' lang='grc' dir='ltr'>Θεῷ·</span> <span class='ocrx_word' id='word_1_655' title='bbox 2088 1850 2204 1903; x_wconf 92' lang='grc' dir='ltr'>ἀλλ’</span> <span class='ocrx_word' id='word_1_656' title='bbox 2230 1851 2379 1921; x_wconf 85' lang='grc' dir='ltr'>ὅμως</span> <span class='ocrx_word' id='word_1_657' title='bbox 2410 1853 2488 1915; x_wconf 86' lang='grc' dir='ltr'>εἰς</span> <span class='ocrx_word' id='word_1_658' title='bbox 2517 1851 2789 1923; x_wconf 87' lang='grc' dir='ltr'>τοσαύτην</span> <span class='ocrx_word' id='word_1_659' title='bbox 2812 1852 3040 1921; x_wconf 84' lang='grc' dir='ltr'>ἄγουσιν</span> <span class='ocrx_word' id='word_1_660' title='bbox 3066 1850 3214 1922; x_wconf 78' lang='grc' dir='ltr'>ἡμᾶς</span> <span class='ocrx_word' id='word_1_661' title='bbox 3245 1850 3301 1903; x_wconf 90' lang='grc' dir='ltr'>αἰ</span> <span class='ocrx_word' id='word_1_662' title='bbox 3330 1866 3502 1920; x_wconf 85' lang='grc' dir='ltr'>προσ-</span> 
     </span>
    </p>
   </div>
   <div class='ocr_carea' id='block_1_86' title="bbox 1906 1932 3503 2009">
    <p class='ocr_par' dir='ltr' id='par_1_86' title="bbox 1906 1932 3503 2009">
     <span class='ocr_line' id='line_1_87' title="bbox 1906 1932 3503 2009; baseline 0.002 -27"><span class='ocrx_word' id='word_1_663' title='bbox 1906 1932 2064 1999; x_wconf 77' lang='grc' dir='ltr'>ευχαὶ</span> <span class='ocrx_word' id='word_1_664' title='bbox 2106 1932 2287 2003; x_wconf 88' lang='grc' dir='ltr'>τιμὴν,</span> <span class='ocrx_word' id='word_1_665' title='bbox 2317 1934 2392 1995; x_wconf 81' lang='grc' dir='ltr'>ὡς</span> <span class='ocrx_word' id='word_1_666' title='bbox 2439 1935 2577 2004; x_wconf 85' lang='grc' dir='ltr'>ὑπὲρ</span> <span class='ocrx_word' id='word_1_667' title='bbox 2617 1934 2830 1988; x_wconf 78' lang='grc' dir='ltr'>Παύλου</span> <span class='ocrx_word' id='word_1_668' title='bbox 2870 1935 3076 2009; x_wconf 79' lang='grc' dir='ltr'>τολμᾷν</span> <span class='ocrx_word' id='word_1_669' title='bbox 3105 1934 3197 1986; x_wconf 73' lang='grc' dir='ltr'>τὸν</span> <span class='ocrx_word' id='word_1_670' title='bbox 3223 1933 3356 1986; x_wconf 77' lang='grc' dir='ltr'>θεὸν</span> <span class='ocrx_word' id='word_1_671' title='bbox 3391 1936 3503 1985; x_wconf 84' lang='grc' dir='ltr'>ἰκε-</span> 
     </span>
    </p>
   </div>
   <div class='ocr_carea' id='block_1_87' title="bbox 1905 2014 3501 2091">
    <p class='ocr_par' dir='ltr' id='par_1_87' title="bbox 1905 2014 3501 2091">
     <span class='ocr_line' id='line_1_88' title="bbox 1905 2014 3501 2091; baseline 0.001 -26"><span class='ocrx_word' id='word_1_672' title='bbox 1905 2014 2103 2068; x_wconf 83' lang='grc' dir='ltr'>τεύειν.</span> <span class='ocrx_word' id='word_1_673' title='bbox 2150 2016 2307 2069; x_wconf 75' lang='grc' dir='ltr'>Οὕτω</span> <span class='ocrx_word' id='word_1_674' title='bbox 2351 2019 2446 2070; x_wconf 74' lang='grc' dir='ltr'>καὶ</span> <span class='ocrx_word' id='word_1_675' title='bbox 2493 2018 2701 2091; x_wconf 89' lang='grc' dir='ltr'>Πέτρος</span> <span class='ocrx_word' id='word_1_676' title='bbox 2732 2021 2761 2072; x_wconf 90' lang='lat'>6</span> <span class='ocrx_word' id='word_1_677' title='bbox 2806 2019 3000 2089; x_wconf 81' lang='grc' dir='ltr'>μέγας,</span> <span class='ocrx_word' id='word_1_678' title='bbox 3044 2019 3074 2069; x_wconf 85' lang='lat'>6</span> <span class='ocrx_word' id='word_1_679' title='bbox 3118 2016 3213 2069; x_wconf 90' lang='grc' dir='ltr'>τοῦ</span> <span class='ocrx_word' id='word_1_680' title='bbox 3267 2015 3501 2087; x_wconf 83' lang='grc' dir='ltr'>οὐρανοῦ</span> 
     </span>
    </p>
   </div>
   <div class='ocr_carea' id='block_1_88' title="bbox 1906 2096 3504 2173">
    <p class='ocr_par' dir='ltr' id='par_1_88' title="bbox 1906 2096 3504 2173">
     <span class='ocr_line' id='line_1_89' title="bbox 1906 2096 3504 2173; baseline -0.011 -8"><span class='ocrx_word' id='word_1_681' title='bbox 1906 2096 2307 2169; x_wconf 72' lang='grc' dir='ltr'>λαμπρότερος.</span> <span class='ocrx_word' id='word_1_682' title='bbox 2338 2099 2400 2151; x_wconf 80' lang='grc' dir='ltr'>τὸ</span> <span class='ocrx_word' id='word_1_683' title='bbox 2438 2100 2813 2173; x_wconf 83' lang='grc' dir='ltr'>δεσμωτήριον</span> <span class='ocrx_word' id='word_1_684' title='bbox 2842 2101 3089 2170; x_wconf 85' lang='grc' dir='ltr'>διέφυγε,</span> <span class='ocrx_word' id='word_1_685' title='bbox 3135 2101 3368 2170; x_wconf 84' lang='grc' dir='ltr'>μάλιστα</span> <span class='ocrx_word' id='word_1_686' title='bbox 3406 2100 3504 2169; x_wconf 77' lang='grc' dir='ltr'>μὲν</span> 
     </span>
    </p>
   </div>
   <div class='ocr_carea' id='block_1_89' title="bbox 1904 2179 3505 2255">
    <p class='ocr_par' dir='ltr' id='par_1_89' title="bbox 1904 2179 3505 2255">
     <span class='ocr_line' id='line_1_90' title="bbox 1904 2179 3505 2255; baseline 0.002 -24"><span class='ocrx_word' id='word_1_687' title='bbox 1904 2179 1993 2231; x_wconf 83' lang='grc' dir='ltr'>διά</span> <span class='ocrx_word' id='word_1_688' title='bbox 2031 2180 2128 2251; x_wconf 84' lang='grc' dir='ltr'>τὴν</span> <span class='ocrx_word' id='word_1_689' title='bbox 2160 2183 2369 2235; x_wconf 89' lang='grc' dir='ltr'>οἰκείαν</span> <span class='ocrx_word' id='word_1_690' title='bbox 2398 2184 2623 2255; x_wconf 85' lang='grc' dir='ltr'>ἀρετὴν,</span> <span class='ocrx_word' id='word_1_691' title='bbox 2663 2186 2760 2237; x_wconf 72' lang='grc' dir='ltr'>καὶ</span> <span class='ocrx_word' id='word_1_692' title='bbox 2786 2184 2887 2255; x_wconf 89' lang='grc' dir='ltr'>τὴν</span> <span class='ocrx_word' id='word_1_693' title='bbox 2921 2184 3109 2254; x_wconf 87' lang='grc' dir='ltr'>κοινὴν</span> <span class='ocrx_word' id='word_1_694' title='bbox 3150 2182 3259 2235; x_wconf 90' lang='grc' dir='ltr'>τῶν</span> <span class='ocrx_word' id='word_1_695' title='bbox 3292 2180 3505 2251; x_wconf 82' lang='grc' dir='ltr'>ἀνθρώ-</span> 
     </span>
    </p>
   </div>
   <div class='ocr_carea' id='block_1_90' title="bbox 1907 2266 3506 2339">
    <p class='ocr_par' dir='ltr' id='par_1_90' title="bbox 1907 2266 3506 2339">
     <span class='ocr_line' id='line_1_91' title="bbox 1907 2266 3506 2339; baseline 0.001 -23"><span class='ocrx_word' id='word_1_696' title='bbox 1907 2282 2024 2317; x_wconf 88' lang='grc' dir='ltr'>πων</span> <span class='ocrx_word' id='word_1_697' title='bbox 2067 2266 2363 2334; x_wconf 78' lang='grc' dir='ltr'>σωτηρίαν,</span> <span class='ocrx_word' id='word_1_698' title='bbox 2399 2269 2591 2321; x_wconf 82' lang='grc' dir='ltr'>ἕπειτα</span> <span class='ocrx_word' id='word_1_699' title='bbox 2641 2269 2826 2339; x_wconf 89' lang='grc' dir='ltr'>μέντοι</span> <span class='ocrx_word' id='word_1_700' title='bbox 2875 2268 2971 2322; x_wconf 73' lang='grc' dir='ltr'>καὶ</span> <span class='ocrx_word' id='word_1_701' title='bbox 3012 2270 3045 2339; x_wconf 83' lang='grc' dir='ltr'>ή</span> <span class='ocrx_word' id='word_1_702' title='bbox 3084 2266 3363 2338; x_wconf 84' lang='grc' dir='ltr'>προσευχὴ</span> <span class='ocrx_word' id='word_1_703' title='bbox 3407 2267 3506 2335; x_wconf 76' lang='grc' dir='ltr'>τῆς</span> 
     </span>
    </p>
   </div>
   <div class='ocr_carea' id='block_1_91' title="bbox 1918 2346 3505 2429">
    <p class='ocr_par' dir='ltr' id='par_1_91' title="bbox 1918 2346 3505 2429">
     <span class='ocr_line' id='line_1_92' title="bbox 1918 2346 3505 2429; baseline 0 -30"><span class='ocrx_word' id='word_1_704' title='bbox 1918 2346 2249 2417; x_wconf 80' lang='grc' dir='ltr'>Ἐκκλησίας</span> <span class='ocrx_word' id='word_1_705' title='bbox 2283 2350 2680 2422; x_wconf 74' lang='grc' dir='ltr'>κεκλεισμένας</span> <span class='ocrx_word' id='word_1_706' title='bbox 2721 2350 2817 2405; x_wconf 89' lang='grc' dir='ltr'>τοῦ</span> <span class='ocrx_word' id='word_1_707' title='bbox 2848 2350 3232 2421; x_wconf 78' lang='grc' dir='ltr'>δεσμωτηρίου</span> <span class='ocrx_word' id='word_1_708' title='bbox 3266 2349 3367 2412; x_wconf 77' lang='grc' dir='ltr'>τὰς</span> <span class='ocrx_word' id='word_1_709' title='bbox 3412 2348 3505 2429; x_wconf 59' lang='lat'><em>0:3:</em></span> 
     </span>
    </p>
   </div>
   <div class='ocr_carea' id='block_1_92' title="bbox 1907 2434 3505 2508">
    <p class='ocr_par' dir='ltr' id='par_1_92' title="bbox 1907 2434 3505 2508">
     <span class='ocr_line' id='line_1_93' title="bbox 1907 2434 3505 2508; baseline 0.003 -27"><span class='ocrx_word' id='word_1_710' title='bbox 1907 2438 2008 2498; x_wconf 87' lang='grc' dir='ltr'>ρας</span> <span class='ocrx_word' id='word_1_711' title='bbox 2055 2434 2262 2502; x_wconf 83' lang='grc' dir='ltr'>ταχέως</span> <span class='ocrx_word' id='word_1_712' title='bbox 2294 2434 2549 2504; x_wconf 75' lang='grc' dir='ltr'>ἀνέῳξεν.</span> <span class='ocrx_word' id='word_1_713' title='bbox 2592 2436 2668 2489; x_wconf 89' lang='grc' dir='ltr'>Οὐ</span> <span class='ocrx_word' id='word_1_714' title='bbox 2717 2435 2825 2508; x_wconf 87' lang='grc' dir='ltr'>γὰρ</span> <span class='ocrx_word' id='word_1_715' title='bbox 2872 2435 2997 2505; x_wconf 90' lang='grc' dir='ltr'>εἰκῆ</span> <span class='ocrx_word' id='word_1_716' title='bbox 3038 2434 3423 2507; x_wconf 62' lang='grc' dir='ltr'>προσέγραψεν</span> 
     </span>
    </p>
   </div>
   <div class='ocr_carea' id='block_1_93' title="bbox 1906 2515 3502 2590">
    <p class='ocr_par' dir='ltr' id='par_1_93' title="bbox 1906 2515 3502 2590">
     <span class='ocr_line' id='line_1_94' title="bbox 1906 2515 3502 2590; baseline 0.004 -25"><span class='ocrx_word' id='word_1_717' title='bbox 1906 2516 2141 2578; x_wconf 80' lang='grc' dir='ltr'>Λουκᾶς,</span> <span class='ocrx_word' id='word_1_718' title='bbox 2174 2517 2253 2569; x_wconf 80' lang='grc' dir='ltr'>ὅτι</span> <span class='ocrx_word' id='word_1_719' title='bbox 2283 2518 2571 2590; x_wconf 86' lang='grc' dir='ltr'>Προσευχὴ</span> <span class='ocrx_word' id='word_1_720' title='bbox 2604 2519 2662 2573; x_wconf 86' lang='grc' dir='ltr'>δὲ</span> <span class='ocrx_word' id='word_1_721' title='bbox 2696 2515 2766 2589; x_wconf 84' lang='grc' dir='ltr'>ἦν</span> <span class='ocrx_word' id='word_1_722' title='bbox 2802 2520 3033 2589; x_wconf 67' lang='grc' dir='ltr'>ἐκδτενὴς</span> <span class='ocrx_word' id='word_1_723' title='bbox 3070 2518 3202 2590; x_wconf 84' lang='grc' dir='ltr'>ὅλης</span> <span class='ocrx_word' id='word_1_724' title='bbox 3232 2520 3335 2589; x_wconf 90' lang='grc' dir='ltr'>τῆς</span> <span class='ocrx_word' id='word_1_725' title='bbox 3376 2518 3502 2571; x_wconf 80' lang='grc' dir='ltr'>Ἐκ-</span> 
     </span>
    </p>
   </div>
   <div class='ocr_carea' id='block_1_94' title="bbox 1906 2596 3501 2672">
    <p class='ocr_par' dir='ltr' id='par_1_94' title="bbox 1906 2596 3501 2672">
     <span class='ocr_line' id='line_1_95' title="bbox 1906 2596 3501 2672; baseline 0.003 -23"><span class='ocrx_word' id='word_1_726' title='bbox 1906 2596 2133 2667; x_wconf 84' lang='grc' dir='ltr'>κλησίας</span> <span class='ocrx_word' id='word_1_727' title='bbox 2164 2598 2304 2670; x_wconf 82' lang='grc' dir='ltr'>ὑπὲρ</span> <span class='ocrx_word' id='word_1_728' title='bbox 2333 2601 2427 2653; x_wconf 90' lang='grc' dir='ltr'>τοῦ</span> <span class='ocrx_word' id='word_1_729' title='bbox 2465 2602 2696 2672; x_wconf 85' lang='grc' dir='ltr'>Πέτρου,</span> <span class='ocrx_word' id='word_1_730' title='bbox 2736 2602 2852 2654; x_wconf 78' lang='grc' dir='ltr'>ἀλλ’</span> <span class='ocrx_word' id='word_1_731' title='bbox 2890 2602 2977 2654; x_wconf 80' lang='grc' dir='ltr'>ἵνα</span> <span class='ocrx_word' id='word_1_732' title='bbox 3023 2601 3287 2672; x_wconf 83' lang='grc' dir='ltr'>μάθωμεν</span> <span class='ocrx_word' id='word_1_733' title='bbox 3317 2603 3501 2671; x_wconf 81' lang='grc' dir='ltr'>ἡμεῖς,</span> 
     </span>
    </p>
   </div>
   <div class='ocr_carea' id='block_1_95' title="bbox 1904 2679 3505 2755">
    <p class='ocr_par' dir='ltr' id='par_1_95' title="bbox 1904 2679 3505 2755">
     <span class='ocr_line' id='line_1_96' title="bbox 1904 2679 3505 2755; baseline 0.002 -24"><span class='ocrx_word' id='word_1_734' title='bbox 1904 2679 2037 2749; x_wconf 85' lang='grc' dir='ltr'>ὅσην</span> <span class='ocrx_word' id='word_1_735' title='bbox 2079 2682 2234 2749; x_wconf 75' lang='grc' dir='ltr'>ἰσχὺν</span> <span class='ocrx_word' id='word_1_736' title='bbox 2270 2685 2328 2733; x_wconf 83' lang='grc' dir='ltr'>ἐν</span> <span class='ocrx_word' id='word_1_737' title='bbox 2360 2685 2611 2754; x_wconf 83' lang='grc' dir='ltr'>οὐρανοῖς</span> <span class='ocrx_word' id='word_1_738' title='bbox 2659 2687 2713 2738; x_wconf 88' lang='grc' dir='ltr'>αί</span> <span class='ocrx_word' id='word_1_739' title='bbox 2742 2684 3043 2755; x_wconf 71' lang='grc' dir='ltr'>προσευχαὶ</span> <span class='ocrx_word' id='word_1_740' title='bbox 3075 2684 3395 2753; x_wconf 86' lang='grc' dir='ltr'>κέκτηνται,</span> <span class='ocrx_word' id='word_1_741' title='bbox 3427 2683 3505 2745; x_wconf 82' lang='grc' dir='ltr'>ὡς</span> 
     </span>
    </p>
   </div>
   <div class='ocr_carea' id='block_1_96' title="bbox 1906 2763 3505 2837">
    <p class='ocr_par' dir='ltr' id='par_1_96' title="bbox 1906 2763 3505 2837">
     <span class='ocr_line' id='line_1_97' title="bbox 1906 2763 3505 2837; baseline 0.003 -23"><span class='ocrx_word' id='word_1_742' title='bbox 1906 2763 2116 2816; x_wconf 86' lang='grc' dir='ltr'>Παῦλον</span> <span class='ocrx_word' id='word_1_743' title='bbox 2144 2765 2237 2817; x_wconf 72' lang='grc' dir='ltr'>καὶ</span> <span class='ocrx_word' id='word_1_744' title='bbox 2272 2766 2477 2837; x_wconf 80' lang='grc' dir='ltr'>Πέτρον</span> <span class='ocrx_word' id='word_1_745' title='bbox 2506 2768 2768 2821; x_wconf 84' lang='grc' dir='ltr'>κινδύνων</span> <span class='ocrx_word' id='word_1_746' title='bbox 2799 2768 3187 2831; x_wconf 84' lang='grc' dir='ltr'>ἀπαλλάττειν,</span> <span class='ocrx_word' id='word_1_747' title='bbox 3218 2768 3344 2830; x_wconf 75' lang='grc' dir='ltr'>τοὺς</span> <span class='ocrx_word' id='word_1_748' title='bbox 3378 2767 3505 2819; x_wconf 87' lang='grc' dir='ltr'>στύ-</span> 
     </span>
    </p>
   </div>
   <div class='ocr_carea' id='block_1_97' title="bbox 1903 2844 3503 2922">
    <p class='ocr_par' dir='ltr' id='par_1_97' title="bbox 1903 2844 3503 2922">
     <span class='ocr_line' id='line_1_98' title="bbox 1903 2844 3503 2922; baseline 0.004 -26"><span class='ocrx_word' id='word_1_749' title='bbox 1903 2844 2028 2908; x_wconf 79' lang='grc' dir='ltr'>λους</span> <span class='ocrx_word' id='word_1_750' title='bbox 2062 2846 2160 2917; x_wconf 86' lang='grc' dir='ltr'>τῆς</span> <span class='ocrx_word' id='word_1_751' title='bbox 2205 2848 2533 2918; x_wconf 85' lang='grc' dir='ltr'>Ἐκκλησίας</span> <span class='ocrx_word' id='word_1_752' title='bbox 2553 2892 2566 2915; x_wconf 93' lang='grc'>,</span> <span class='ocrx_word' id='word_1_753' title='bbox 2598 2853 2723 2918; x_wconf 73' lang='grc' dir='ltr'>τοὺς</span> <span class='ocrx_word' id='word_1_754' title='bbox 2756 2851 3092 2922; x_wconf 79' lang='grc' dir='ltr'>κορυφαίους</span> <span class='ocrx_word' id='word_1_755' title='bbox 3122 2851 3230 2904; x_wconf 85' lang='grc' dir='ltr'>τῶν</span> <span class='ocrx_word' id='word_1_756' title='bbox 3262 2851 3503 2903; x_wconf 76' lang='grc' dir='ltr'>ἀποστό-</span> 
     </span>
    </p>
   </div>
   <div class='ocr_carea' id='block_1_98' title="bbox 1902 2928 3505 3007">
    <p class='ocr_par' dir='ltr' id='par_1_98' title="bbox 1902 2928 3505 3007">
     <span class='ocr_line' id='line_1_99' title="bbox 1902 2928 3505 3007; baseline 0.004 -26"><span class='ocrx_word' id='word_1_757' title='bbox 1902 2928 2029 2991; x_wconf 87' lang='grc' dir='ltr'>λων,</span> <span class='ocrx_word' id='word_1_758' title='bbox 2061 2934 2188 2994; x_wconf 75' lang='grc' dir='ltr'>τοὺς</span> <span class='ocrx_word' id='word_1_759' title='bbox 2223 2932 2586 3004; x_wconf 78' lang='grc' dir='ltr'>περιϐοήτους</span> <span class='ocrx_word' id='word_1_760' title='bbox 2628 2938 2683 2988; x_wconf 91' lang='grc' dir='ltr'>ἐν</span> <span class='ocrx_word' id='word_1_761' title='bbox 2724 2936 2962 3007; x_wconf 80' lang='grc' dir='ltr'>οὐρανῷ,</span> <span class='ocrx_word' id='word_1_762' title='bbox 2996 2936 3053 2988; x_wconf 77' lang='grc' dir='ltr'>τὸ</span> <span class='ocrx_word' id='word_1_763' title='bbox 3087 2938 3267 3005; x_wconf 83' lang='grc' dir='ltr'>τεῖχος</span> <span class='ocrx_word' id='word_1_764' title='bbox 3297 2935 3395 3003; x_wconf 87' lang='grc' dir='ltr'>τῆς</span> <span class='ocrx_word' id='word_1_765' title='bbox 3426 2936 3505 2985; x_wconf 81' lang='grc' dir='ltr'>οἱ·</span> 
     </span>
    </p>
   </div>
   <div class='ocr_carea' id='block_1_99' title="bbox 1904 3014 3503 3089">
    <p class='ocr_par' dir='ltr' id='par_1_99' title="bbox 1904 3014 3503 3089">
     <span class='ocr_line' id='line_1_100' title="bbox 1904 3014 3503 3089; baseline 0.004 -25"><span class='ocrx_word' id='word_1_766' title='bbox 1904 3014 2199 3083; x_wconf 87' lang='grc' dir='ltr'>κουμένης,</span> <span class='ocrx_word' id='word_1_767' title='bbox 2228 3015 2287 3067; x_wconf 82' lang='grc' dir='ltr'>τὸ</span> <span class='ocrx_word' id='word_1_768' title='bbox 2314 3018 2493 3068; x_wconf 87' lang='grc' dir='ltr'>κοινὸν</span> <span class='ocrx_word' id='word_1_769' title='bbox 2526 3017 2899 3089; x_wconf 83' lang='grc' dir='ltr'>φυλακτήριον</span> <span class='ocrx_word' id='word_1_770' title='bbox 2934 3018 3117 3086; x_wconf 83' lang='grc' dir='ltr'>πάσης</span> <span class='ocrx_word' id='word_1_771' title='bbox 3146 3018 3249 3086; x_wconf 90' lang='grc' dir='ltr'>γῆς</span> <span class='ocrx_word' id='word_1_772' title='bbox 3282 3018 3378 3070; x_wconf 70' lang='grc' dir='ltr'>καὶ</span> <span class='ocrx_word' id='word_1_773' title='bbox 3407 3016 3503 3070; x_wconf 89' lang='grc' dir='ltr'>θα-</span> 
     </span>
    </p>
   </div>
   <div class='ocr_carea' id='block_1_100' title="bbox 1903 3084 3502 3172">
    <p class='ocr_par' dir='ltr' id='par_1_100' title="bbox 1903 3084 3502 3172">
     <span class='ocr_line' id='line_1_101' title="bbox 1903 3084 3502 3172; baseline 0.005 -28"><span class='ocrx_word' id='word_1_774' title='bbox 1903 3093 2123 3165; x_wconf 79' lang='grc' dir='ltr'>λάττης.</span> <span class='ocrx_word' id='word_1_775' title='bbox 2157 3098 2293 3165; x_wconf 83' lang='grc' dir='ltr'>Εἰπέ</span> <span class='ocrx_word' id='word_1_776' title='bbox 2331 3115 2444 3168; x_wconf 88' lang='grc' dir='ltr'>μοι,</span> <span class='ocrx_word' id='word_1_777' title='bbox 2476 3099 2595 3165; x_wconf 87' lang='grc' dir='ltr'>πῶς</span> <span class='ocrx_word' id='word_1_778' title='bbox 2634 3103 2663 3153; x_wconf 86' lang='grc' dir='ltr'>ὁ</span> <span class='ocrx_word' id='word_1_779' title='bbox 2697 3084 2899 3170; x_wconf 66' lang='grc' dir='ltr'>Μωσῆξ</span> <span class='ocrx_word' id='word_1_780' title='bbox 2939 3099 3032 3153; x_wconf 80' lang='grc' dir='ltr'>τὸν</span> <span class='ocrx_word' id='word_1_781' title='bbox 3074 3084 3292 3172; x_wconf 71' lang='grc' dir='ltr'>Ἰσραὴλ</span> <span class='ocrx_word' id='word_1_782' title='bbox 3319 3102 3376 3152; x_wconf 89' lang='grc' dir='ltr'>ἐν</span> <span class='ocrx_word' id='word_1_783' title='bbox 3407 3118 3502 3153; x_wconf 86' lang='grc' dir='ltr'>πο-</span> 
     </span>
    </p>
   </div>
   <div class='ocr_carea' id='block_1_101' title="bbox 1903 3176 3503 3255">
    <p class='ocr_par' dir='ltr' id='par_1_101' title="bbox 1903 3176 3503 3255">
     <span class='ocr_line' id='line_1_102' title="bbox 1903 3176 3503 3255; baseline 0.005 -28"><span class='ocrx_word' id='word_1_784' title='bbox 1903 3176 2089 3246; x_wconf 80' lang='grc' dir='ltr'>λέμοις</span> <span class='ocrx_word' id='word_1_785' title='bbox 2126 3178 2421 3247; x_wconf 88' lang='grc' dir='ltr'>διέσωσεν;</span> <span class='ocrx_word' id='word_1_786' title='bbox 2458 3183 2518 3234; x_wconf 94' lang='grc' dir='ltr'>οὐ</span> <span class='ocrx_word' id='word_1_787' title='bbox 2555 3183 2624 3236; x_wconf 75' lang='grc' dir='ltr'>τὰ</span> <span class='ocrx_word' id='word_1_788' title='bbox 2657 3184 2755 3254; x_wconf 88' lang='grc' dir='ltr'>μέν</span> <span class='ocrx_word' id='word_1_789' title='bbox 2781 3182 2924 3237; x_wconf 85' lang='grc' dir='ltr'>ὅπλα</span> <span class='ocrx_word' id='word_1_790' title='bbox 2958 3184 3050 3235; x_wconf 74' lang='grc' dir='ltr'>καὶ</span> <span class='ocrx_word' id='word_1_791' title='bbox 3099 3182 3200 3254; x_wconf 87' lang='grc' dir='ltr'>τὴν</span> <span class='ocrx_word' id='word_1_792' title='bbox 3241 3183 3503 3255; x_wconf 87' lang='grc' dir='ltr'>στρατιάν</span> 
     </span>
    </p>
   </div>
   <div class='ocr_carea' id='block_1_102' title="bbox 1902 3260 3502 3337">
    <p class='ocr_par' dir='ltr' id='par_1_102' title="bbox 1902 3260 3502 3337">
     <span class='ocr_line' id='line_1_103' title="bbox 1902 3260 3502 3337; baseline 0.004 -25"><span class='ocrx_word' id='word_1_793' title='bbox 1902 3260 1981 3330; x_wconf 83' lang='grc' dir='ltr'>τῷ</span> <span class='ocrx_word' id='word_1_794' title='bbox 2007 3261 2225 3333; x_wconf 79' lang='grc' dir='ltr'>μαθητῇ</span> <span class='ocrx_word' id='word_1_795' title='bbox 2255 3265 2597 3336; x_wconf 87' lang='grc' dir='ltr'>παρέδωκεν,</span> <span class='ocrx_word' id='word_1_796' title='bbox 2630 3269 2794 3330; x_wconf 84' lang='grc' dir='ltr'>αὐτὸς</span> <span class='ocrx_word' id='word_1_797' title='bbox 2816 3266 2873 3319; x_wconf 82' lang='grc' dir='ltr'>δὲ</span> <span class='ocrx_word' id='word_1_798' title='bbox 2893 3268 2993 3330; x_wconf 78' lang='grc' dir='ltr'>τὰς</span> <span class='ocrx_word' id='word_1_799' title='bbox 3014 3265 3181 3337; x_wconf 76' lang='grc' dir='ltr'>εὐχὰς</span> <span class='ocrx_word' id='word_1_800' title='bbox 3206 3267 3502 3337; x_wconf 84' lang='grc' dir='ltr'>ἀντέστησε</span> 
     </span>
    </p>
   </div>
   <div class='ocr_carea' id='block_1_103' title="bbox 1904 3343 3505 3422">
    <p class='ocr_par' dir='ltr' id='par_1_103' title="bbox 1904 3343 3505 3422">
     <span class='ocr_line' id='line_1_104' title="bbox 1904 3343 3505 3422; baseline 0.005 -27"><span class='ocrx_word' id='word_1_801' title='bbox 1904 3343 1983 3414; x_wconf 86' lang='grc' dir='ltr'>τῷ</span> <span class='ocrx_word' id='word_1_802' title='bbox 2020 3345 2214 3416; x_wconf 85' lang='grc' dir='ltr'>πλήθει</span> <span class='ocrx_word' id='word_1_803' title='bbox 2246 3348 2354 3401; x_wconf 92' lang='grc' dir='ltr'>τῶν</span> <span class='ocrx_word' id='word_1_804' title='bbox 2386 3349 2731 3416; x_wconf 87' lang='grc' dir='ltr'>ἀντιπάλων;</span> <span class='ocrx_word' id='word_1_805' title='bbox 2772 3349 3041 3405; x_wconf 79' lang='grc' dir='ltr'>διδάσκων</span> <span class='ocrx_word' id='word_1_806' title='bbox 3080 3353 3252 3422; x_wconf 80' lang='grc' dir='ltr'>ἡμᾶς,</span> <span class='ocrx_word' id='word_1_807' title='bbox 3284 3351 3367 3404; x_wconf 86' lang='grc' dir='ltr'>ὅτι</span> <span class='ocrx_word' id='word_1_808' title='bbox 3406 3351 3505 3404; x_wconf 72' lang='grc' dir='ltr'>καὶ</span> 
     </span>
    </p>
   </div>
   <div class='ocr_carea' id='block_1_104' title="bbox 1906 3427 3504 3506">
    <p class='ocr_par' dir='ltr' id='par_1_104' title="bbox 1906 3427 3504 3506">
     <span class='ocr_line' id='line_1_105' title="bbox 1906 3427 3504 3506; baseline 0.004 -27"><span class='ocrx_word' id='word_1_809' title='bbox 1906 3427 2107 3491; x_wconf 85' lang='grc' dir='ltr'>ὃπλων,</span> <span class='ocrx_word' id='word_1_810' title='bbox 2134 3431 2228 3483; x_wconf 71' lang='grc' dir='ltr'>καὶ</span> <span class='ocrx_word' id='word_1_811' title='bbox 2254 3432 2457 3498; x_wconf 81' lang='grc' dir='ltr'>ἵππων,</span> <span class='ocrx_word' id='word_1_812' title='bbox 2491 3433 2585 3487; x_wconf 75' lang='grc' dir='ltr'>καὶ</span> <span class='ocrx_word' id='word_1_813' title='bbox 2616 3434 2917 3505; x_wconf 81' lang='grc' dir='ltr'>χρημάτων</span> <span class='ocrx_word' id='word_1_814' title='bbox 2939 3478 2953 3501; x_wconf 94' lang='grc'>,</span> <span class='ocrx_word' id='word_1_815' title='bbox 2991 3435 3086 3487; x_wconf 77' lang='grc' dir='ltr'>καὶ</span> <span class='ocrx_word' id='word_1_816' title='bbox 3122 3435 3504 3506; x_wconf 77' lang='grc' dir='ltr'>στρατοπέδων</span> 
     </span>
    </p>
   </div>
   <div class='ocr_carea' id='block_1_105' title="bbox 1906 3513 3505 3590">
    <p class='ocr_par' dir='ltr' id='par_1_105' title="bbox 1906 3513 3505 3590">
     <span class='ocr_line' id='line_1_106' title="bbox 1906 3513 3505 3590; baseline 0.006 -26"><span class='ocrx_word' id='word_1_817' title='bbox 1906 3513 2087 3585; x_wconf 85' lang='grc' dir='ltr'>πολλῷ</span> <span class='ocrx_word' id='word_1_818' title='bbox 2115 3514 2342 3585; x_wconf 77' lang='grc' dir='ltr'>μείζονα</span> <span class='ocrx_word' id='word_1_819' title='bbox 2366 3516 2595 3588; x_wconf 83' lang='grc' dir='ltr'>δύναμιν</span> <span class='ocrx_word' id='word_1_820' title='bbox 2623 3520 2838 3588; x_wconf 80' lang='grc' dir='ltr'>ἔχουσιν</span> <span class='ocrx_word' id='word_1_821' title='bbox 2866 3520 2923 3572; x_wconf 85' lang='grc' dir='ltr'>αἱ</span> <span class='ocrx_word' id='word_1_822' title='bbox 2954 3521 3256 3590; x_wconf 77' lang='grc' dir='ltr'>προσευχαὶ</span> <span class='ocrx_word' id='word_1_823' title='bbox 3287 3518 3395 3571; x_wconf 86' lang='grc' dir='ltr'>τῶν</span> <span class='ocrx_word' id='word_1_824' title='bbox 3424 3520 3505 3573; x_wconf 73' lang='grc' dir='ltr'>διο</span> 
     </span>
    </p>
   </div>
   <div class='ocr_carea' id='block_1_106' title="bbox 1906 3592 3505 3673">
    <p class='ocr_par' dir='ltr' id='par_1_106' title="bbox 1906 3592 3505 3673">
     <span class='ocr_line' id='line_1_107' title="bbox 1906 3592 3505 3673; baseline 0.004 -26"><span class='ocrx_word' id='word_1_825' title='bbox 1906 3596 2095 3651; x_wconf 88' lang='grc' dir='ltr'>καίων.</span> <span class='ocrx_word' id='word_1_826' title='bbox 2128 3597 2227 3651; x_wconf 89' lang='grc' dir='ltr'>Διά</span> <span class='ocrx_word' id='word_1_827' title='bbox 2257 3599 2417 3653; x_wconf 80' lang='grc' dir='ltr'>τοῦτο</span> <span class='ocrx_word' id='word_1_828' title='bbox 2451 3604 2543 3654; x_wconf 76' lang='grc' dir='ltr'>καὶ</span> <span class='ocrx_word' id='word_1_829' title='bbox 2576 3604 2682 3665; x_wconf 75' lang='grc' dir='ltr'>πᾶς</span> <span class='ocrx_word' id='word_1_830' title='bbox 2708 3604 2736 3654; x_wconf 88' lang='lat'>6</span> <span class='ocrx_word' id='word_1_831' title='bbox 2765 3604 3015 3673; x_wconf 82' lang='grc' dir='ltr'>στρατὸς,</span> <span class='ocrx_word' id='word_1_832' title='bbox 3056 3604 3151 3655; x_wconf 74' lang='grc' dir='ltr'>καὶ</span> <span class='ocrx_word' id='word_1_833' title='bbox 3178 3592 3373 3654; x_wconf 72' lang='grc' dir='ltr'>πολλαΐ</span> <span class='ocrx_word' id='word_1_834' title='bbox 3402 3620 3505 3672; x_wconf 86' lang='grc' dir='ltr'>μυ-</span> 
     </span>
    </p>
   </div>
   <div class='ocr_carea' id='block_1_107' title="bbox 1910 3679 3503 3756">
    <p class='ocr_par' dir='ltr' id='par_1_107' title="bbox 1910 3679 3503 3756">
     <span class='ocr_line' id='line_1_108' title="bbox 1910 3679 3503 3756; baseline 0.004 -25"><span class='ocrx_word' id='word_1_835' title='bbox 1910 3679 2111 3749; x_wconf 87' lang='grc' dir='ltr'>ριάδες,</span> <span class='ocrx_word' id='word_1_836' title='bbox 2145 3684 2203 3733; x_wconf 82' lang='grc' dir='ltr'>ὲν</span> <span class='ocrx_word' id='word_1_837' title='bbox 2232 3685 2296 3754; x_wconf 81' lang='grc' dir='ltr'>τῇ</span> <span class='ocrx_word' id='word_1_838' title='bbox 2324 3687 2601 3755; x_wconf 80' lang='grc' dir='ltr'>προσευχῇ</span> <span class='ocrx_word' id='word_1_839' title='bbox 2626 3684 2721 3737; x_wconf 86' lang='grc' dir='ltr'>τοῦ</span> <span class='ocrx_word' id='word_1_840' title='bbox 2753 3687 3034 3756; x_wconf 84' lang='grc' dir='ltr'>προφήτου</span> <span class='ocrx_word' id='word_1_841' title='bbox 3058 3686 3157 3755; x_wconf 68' lang='grc' dir='ltr'>τὴν</span> <span class='ocrx_word' id='word_1_842' title='bbox 3184 3684 3376 3737; x_wconf 74' lang='grc' dir='ltr'>ἐλπίδα</span> <span class='ocrx_word' id='word_1_843' title='bbox 3404 3686 3503 3753; x_wconf 75' lang='grc' dir='ltr'>τῆς</span> 
     </span>
    </p>
   </div>
   <div class='ocr_carea' id='block_1_108' title="bbox 1908 3762 3502 3840">
    <p class='ocr_par' dir='ltr' id='par_1_108' title="bbox 1908 3762 3502 3840">
     <span class='ocr_line' id='line_1_109' title="bbox 1908 3762 3502 3840; baseline 0.005 -27"><span class='ocrx_word' id='word_1_844' title='bbox 1908 3765 2184 3835; x_wconf 90' lang='grc' dir='ltr'>σωτηρίας</span> <span class='ocrx_word' id='word_1_845' title='bbox 2233 3762 2411 3836; x_wconf 79' lang='grc' dir='ltr'>εἰχον·</span> <span class='ocrx_word' id='word_1_846' title='bbox 2447 3770 2888 3839; x_wconf 83' lang='grc' dir='ltr'>προσευχομένου</span> <span class='ocrx_word' id='word_1_847' title='bbox 2934 3769 3033 3839; x_wconf 87' lang='grc' dir='ltr'>μὲν</span> <span class='ocrx_word' id='word_1_848' title='bbox 3072 3772 3183 3840; x_wconf 84' lang='grc' dir='ltr'>γὰρ</span> <span class='ocrx_word' id='word_1_849' title='bbox 3230 3768 3325 3823; x_wconf 85' lang='grc' dir='ltr'>τοῦ</span> <span class='ocrx_word' id='word_1_850' title='bbox 3368 3770 3502 3822; x_wconf 83' lang='grc' dir='ltr'>Μω-</span> 
     </span>
    </p>
   </div>
   <div class='ocr_carea' id='block_1_109' title="bbox 1909 3848 3501 3923">
    <p class='ocr_par' dir='ltr' id='par_1_109' title="bbox 1909 3848 3501 3923">
     <span class='ocr_line' id='line_1_110' title="bbox 1909 3848 3501 3923; baseline 0.004 -25"><span class='ocrx_word' id='word_1_851' title='bbox 1909 3848 2067 3910; x_wconf 84' lang='grc' dir='ltr'>σέως,</span> <span class='ocrx_word' id='word_1_852' title='bbox 2101 3849 2369 3920; x_wconf 76' lang='grc' dir='ltr'>ἐκράτουν</span> <span class='ocrx_word' id='word_1_853' title='bbox 2411 3852 2692 3915; x_wconf 83' lang='grc' dir='ltr'>Ἰουδαῖοι,</span> <span class='ocrx_word' id='word_1_854' title='bbox 2724 3853 3078 3922; x_wconf 84' lang='grc' dir='ltr'>πεπαυμένου</span> <span class='ocrx_word' id='word_1_855' title='bbox 3119 3853 3173 3905; x_wconf 84' lang='grc' dir='ltr'>δὲ</span> <span class='ocrx_word' id='word_1_856' title='bbox 3200 3854 3298 3923; x_wconf 87' lang='grc' dir='ltr'>τῆς</span> <span class='ocrx_word' id='word_1_857' title='bbox 3326 3869 3501 3922; x_wconf 84' lang='grc' dir='ltr'>προσ-</span> 
     </span>
    </p>
   </div>
   <div class='ocr_carea' id='block_1_110' title="bbox 1908 3930 3503 4007">
    <p class='ocr_par' dir='ltr' id='par_1_110' title="bbox 1908 3930 3503 4007">
     <span class='ocr_line' id='line_1_111' title="bbox 1908 3930 3503 4007; baseline 0.004 -27"><span class='ocrx_word' id='word_1_858' title='bbox 1908 3932 2097 3999; x_wconf 83' lang='grc' dir='ltr'>ευχῆς,</span> <span class='ocrx_word' id='word_1_859' title='bbox 2140 3931 2360 3986; x_wconf 73' lang='grc' dir='ltr'>ἔλαττον</span> <span class='ocrx_word' id='word_1_860' title='bbox 2398 3930 2543 4004; x_wconf 82' lang='grc' dir='ltr'>εἶχον</span> <span class='ocrx_word' id='word_1_861' title='bbox 2578 3935 2688 3988; x_wconf 91' lang='grc' dir='ltr'>τῶν</span> <span class='ocrx_word' id='word_1_862' title='bbox 2732 3936 3066 3990; x_wconf 63' lang='grc' dir='ltr'>ἀντιπάλων.</span> <span class='ocrx_word' id='word_1_863' title='bbox 3108 3936 3266 3989; x_wconf 85' lang='grc' dir='ltr'>Οῦτω</span> <span class='ocrx_word' id='word_1_864' title='bbox 3298 3937 3362 4007; x_wconf 84' lang='grc' dir='ltr'>δὴ</span> <span class='ocrx_word' id='word_1_865' title='bbox 3410 3937 3503 3990; x_wconf 69' lang='grc' dir='ltr'>καὶ</span> 
     </span>
    </p>
   </div>
   <div class='ocr_carea' id='block_1_111' title="bbox 1907 4015 3504 4093">
    <p class='ocr_par' dir='ltr' id='par_1_111' title="bbox 1907 4015 3504 4093">
     <span class='ocr_line' id='line_1_112' title="bbox 1907 4015 3504 4093; baseline 0.005 -29"><span class='ocrx_word' id='word_1_866' title='bbox 1907 4015 2071 4083; x_wconf 79' lang='grc' dir='ltr'>ἡμεῖς</span> <span class='ocrx_word' id='word_1_867' title='bbox 2103 4018 2528 4087; x_wconf 82' lang='grc' dir='ltr'>προσευχόμενοι</span> <span class='ocrx_word' id='word_1_868' title='bbox 2568 4019 2687 4089; x_wconf 82' lang='grc' dir='ltr'>μὲν,</span> <span class='ocrx_word' id='word_1_869' title='bbox 2718 4018 2918 4093; x_wconf 74' lang='grc' dir='ltr'>ῥᾳδίως</span> <span class='ocrx_word' id='word_1_870' title='bbox 2957 4019 3050 4073; x_wconf 88' lang='grc' dir='ltr'>τοῦ</span> <span class='ocrx_word' id='word_1_871' title='bbox 3087 4020 3334 4072; x_wconf 82' lang='grc' dir='ltr'>διαϐόλου</span> <span class='ocrx_word' id='word_1_872' title='bbox 3366 4038 3504 4091; x_wconf 84' lang='grc' dir='ltr'>κρα-</span> 
     </span>
    </p>
   </div>
   <div class='ocr_carea' id='block_1_112' title="bbox 1908 4100 3503 4175">
    <p class='ocr_par' dir='ltr' id='par_1_112' title="bbox 1908 4100 3503 4175">
     <span class='ocr_line' id='line_1_113' title="bbox 1908 4100 3503 4175; baseline 0.006 -26"><span class='ocrx_word' id='word_1_873' title='bbox 1908 4100 2169 4169; x_wconf 74' lang='grc' dir='ltr'>τήσομεν,</span> <span class='ocrx_word' id='word_1_874' title='bbox 2192 4102 2563 4172; x_wconf 67' lang='grc' dir='ltr'>ῥᾳθυμοῦντες</span> <span class='ocrx_word' id='word_1_875' title='bbox 2585 4102 2662 4169; x_wconf 83' lang='grc' dir='ltr'>δὲ,</span> <span class='ocrx_word' id='word_1_876' title='bbox 2687 4103 2809 4156; x_wconf 78' lang='grc' dir='ltr'>καθ’</span> <span class='ocrx_word' id='word_1_877' title='bbox 2835 4105 3043 4157; x_wconf 90' lang='grc' dir='ltr'>ἐαυτῶν</span> <span class='ocrx_word' id='word_1_878' title='bbox 3064 4103 3341 4175; x_wconf 83' lang='grc' dir='ltr'>ἀσκοῦμεν</span> <span class='ocrx_word' id='word_1_879' title='bbox 3358 4104 3384 4144; x_wconf 72' lang='grc' dir='ltr'><strong><em>ἀ</em></strong></span> <span class='ocrx_word' id='word_1_880' title='bbox 3408 4105 3503 4159; x_wconf 72' lang='grc' dir='ltr'>τὸν</span> 
     </span>
    </p>
   </div>
   <div class='ocr_carea' id='block_1_113' title="bbox 1910 4182 3502 4259">
    <p class='ocr_par' dir='ltr' id='par_1_113' title="bbox 1910 4182 3502 4259">
     <span class='ocr_line' id='line_1_114' title="bbox 1910 4182 3502 4259; baseline 0.006 -26"><span class='ocrx_word' id='word_1_881' title='bbox 1910 4182 2174 4253; x_wconf 86' lang='grc' dir='ltr'>Πονηρόν.</span> <span class='ocrx_word' id='word_1_882' title='bbox 2218 4185 2325 4237; x_wconf 76' lang='grc' dir='ltr'>Καὶ</span> <span class='ocrx_word' id='word_1_883' title='bbox 2365 4186 2474 4256; x_wconf 87' lang='grc' dir='ltr'>μὴν</span> <span class='ocrx_word' id='word_1_884' title='bbox 2522 4188 2617 4239; x_wconf 74' lang='grc' dir='ltr'>καὶ</span> <span class='ocrx_word' id='word_1_885' title='bbox 2658 4186 2751 4240; x_wconf 82' lang='grc' dir='ltr'>τὸν</span> <span class='ocrx_word' id='word_1_886' title='bbox 2790 4186 2922 4241; x_wconf 85' lang='grc' dir='ltr'>λαὸν</span> <span class='ocrx_word' id='word_1_887' title='bbox 2976 4188 3359 4259; x_wconf 75' lang='grc' dir='ltr'>ἀσεϐήσαντα,</span> <span class='ocrx_word' id='word_1_888' title='bbox 3415 4188 3502 4242; x_wconf 74' lang='grc' dir='ltr'>δια</span> 
     </span>
    </p>
   </div>
   <div class='ocr_carea' id='block_1_114' title="bbox 1910 4277 3501 4349">
    <p class='ocr_par' dir='ltr' id='par_1_114' title="bbox 1910 4277 3501 4349">
     <span class='ocr_line' id='line_1_115' title="bbox 1910 4277 3501 4349; baseline 0.003 -21"><span class='ocrx_word' id='word_1_889' title='bbox 1910 4277 2225 4347; x_wconf 83' lang='grc' dir='ltr'>προσευχῆς</span> <span class='ocrx_word' id='word_1_890' title='bbox 2276 4277 2443 4349; x_wconf 89' lang='grc' dir='ltr'>μόνης</span> <span class='ocrx_word' id='word_1_891' title='bbox 2490 4278 2716 4332; x_wconf 79' lang='grc' dir='ltr'>διέσωσε</span> <span class='ocrx_word' id='word_1_892' title='bbox 2764 4280 2991 4349; x_wconf 84' lang='grc' dir='ltr'>Μωσῆς,</span> <span class='ocrx_word' id='word_1_893' title='bbox 3039 4282 3133 4333; x_wconf 78' lang='grc' dir='ltr'>καὶ</span> <span class='ocrx_word' id='word_1_894' title='bbox 3180 4280 3291 4333; x_wconf 87' lang='grc' dir='ltr'>τῶν</span> <span class='ocrx_word' id='word_1_895' title='bbox 3337 4280 3501 4333; x_wconf 88' lang='grc' dir='ltr'>θείων</span> 
     </span>
    </p>
   </div>
   <div class='ocr_carea' id='block_1_115' title="bbox 1909 4359 3498 4434">
    <p class='ocr_par' dir='ltr' id='par_1_115' title="bbox 1909 4359 3498 4434">
     <span class='ocr_line' id='line_1_116' title="bbox 1909 4359 3498 4434; baseline 0.004 -23"><span class='ocrx_word' id='word_1_896' title='bbox 1909 4359 2085 4427; x_wconf 72' lang='grc' dir='ltr'>ὄψεων</span> <span class='ocrx_word' id='word_1_897' title='bbox 2122 4361 2213 4413; x_wconf 79' lang='grc' dir='ltr'>καὶ</span> <span class='ocrx_word' id='word_1_898' title='bbox 2250 4362 2462 4431; x_wconf 87' lang='grc' dir='ltr'>μυρίων</span> <span class='ocrx_word' id='word_1_899' title='bbox 2490 4361 2711 4429; x_wconf 85' lang='grc' dir='ltr'>ἀγαθῶν</span> <span class='ocrx_word' id='word_1_900' title='bbox 2738 4362 2825 4414; x_wconf 73' lang='grc' dir='ltr'>(ἷιά</span> <span class='ocrx_word' id='word_1_901' title='bbox 2864 4362 3069 4432; x_wconf 87' lang='grc' dir='ltr'>ταύτης</span> <span class='ocrx_word' id='word_1_902' title='bbox 3106 4363 3268 4433; x_wconf 78' lang='grc' dir='ltr'>ἔτυχε</span> <span class='ocrx_word' id='word_1_903' title='bbox 3308 4364 3498 4434; x_wconf 77' lang='grc' dir='ltr'>μόνης.</span> 
     </span>
    </p>
   </div>
   <div class='ocr_carea' id='block_1_116' title="bbox 1909 4434 3501 4518">
    <p class='ocr_par' dir='ltr' id='par_1_116' title="bbox 1909 4434 3501 4518">
     <span class='ocr_line' id='line_1_117' title="bbox 1909 4434 3501 4518; baseline 0.004 -24"><span class='ocrx_word' id='word_1_904' title='bbox 1909 4434 2060 4512; x_wconf 82' lang='grc' dir='ltr'>Αῦτη</span> <span class='ocrx_word' id='word_1_905' title='bbox 2114 4444 2222 4513; x_wconf 77' lang='grc' dir='ltr'>γὰρ</span> <span class='ocrx_word' id='word_1_906' title='bbox 2276 4442 2426 4514; x_wconf 80' lang='lat'>[789]</span> <span class='ocrx_word' id='word_1_907' title='bbox 2477 4445 2627 4513; x_wconf 84' lang='grc' dir='ltr'>αὐτῷ</span> <span class='ocrx_word' id='word_1_908' title='bbox 2673 4448 2767 4498; x_wconf 70' lang='grc' dir='ltr'>καὶ</span> <span class='ocrx_word' id='word_1_909' title='bbox 2814 4447 2921 4497; x_wconf 68' lang='grc' dir='ltr'>τὸν.</span> <span class='ocrx_word' id='word_1_910' title='bbox 2948 4446 3062 4516; x_wconf 79' lang='grc' dir='ltr'>βίον</span> <span class='ocrx_word' id='word_1_911' title='bbox 3118 4447 3501 4518; x_wconf 73' lang='grc' dir='ltr'>παραπλήσιον</span> 
     </span>
    </p>
   </div>
   <div class='ocr_carea' id='block_1_117' title="bbox 1908 4527 3501 4601">
    <p class='ocr_par' dir='ltr' id='par_1_117' title="bbox 1908 4527 3501 4601">
     <span class='ocr_line' id='line_1_118' title="bbox 1908 4527 3501 4601; baseline 0.002 -24"><span class='ocrx_word' id='word_1_912' title='bbox 1908 4527 2133 4595; x_wconf 79' lang='grc' dir='ltr'>ἐποίησε</span> <span class='ocrx_word' id='word_1_913' title='bbox 2182 4530 2295 4588; x_wconf 86' lang='grc' dir='ltr'>τοῖς</span> <span class='ocrx_word' id='word_1_914' title='bbox 2324 4528 2530 4579; x_wconf 80' lang='grc' dir='ltr'>οἰκοῦσι</span> <span class='ocrx_word' id='word_1_915' title='bbox 2570 4528 2661 4580; x_wconf 85' lang='grc' dir='ltr'>τὸν</span> <span class='ocrx_word' id='word_1_916' title='bbox 2695 4528 2945 4598; x_wconf 85' lang='grc' dir='ltr'>οὐρανόν.</span> <span class='ocrx_word' id='word_1_917' title='bbox 2996 4530 3283 4601; x_wconf 83' lang='grc' dir='ltr'>Προσευχὴ</span> <span class='ocrx_word' id='word_1_918' title='bbox 3327 4533 3501 4601; x_wconf 63' lang='grc' dir='ltr'>πυρὶς-</span> 
     </span>
    </p>
   </div>
   <div class='ocr_carea' id='block_1_118' title="bbox 1906 4608 3501 4682">
    <p class='ocr_par' dir='ltr' id='par_1_118' title="bbox 1906 4608 3501 4682">
     <span class='ocr_line' id='line_1_119' title="bbox 1906 4608 3501 4682; baseline 0.003 -21"><span class='ocrx_word' id='word_1_919' title='bbox 1906 4608 2137 4682; x_wconf 72' lang='grc' dir='ltr'>δύναμιν</span> <span class='ocrx_word' id='word_1_920' title='bbox 2185 4609 2399 4678; x_wconf 74' lang='grc' dir='ltr'>ἤλεγξε,</span> <span class='ocrx_word' id='word_1_921' title='bbox 2441 4612 2535 4661; x_wconf 71' lang='grc' dir='ltr'>καὶ</span> <span class='ocrx_word' id='word_1_922' title='bbox 2582 4610 2801 4673; x_wconf 84' lang='grc' dir='ltr'>λέοντας</span> <span class='ocrx_word' id='word_1_923' title='bbox 2846 4611 3133 4681; x_wconf 79' lang='grc' dir='ltr'>ἡμέρωσε·</span> <span class='ocrx_word' id='word_1_924' title='bbox 3167 4612 3230 4665; x_wconf 82' lang='grc' dir='ltr'>τὸ</span> <span class='ocrx_word' id='word_1_925' title='bbox 3272 4614 3372 4682; x_wconf 86' lang='grc' dir='ltr'>μὲν</span> <span class='ocrx_word' id='word_1_926' title='bbox 3408 4616 3501 4665; x_wconf 81' lang='grc' dir='ltr'>ἐπὶ</span> 
     </span>
    </p>
   </div>
   <div class='ocr_carea' id='block_1_119' title="bbox 1904 4680 3493 4767">
    <p class='ocr_par' dir='ltr' id='par_1_119' title="bbox 1904 4680 3493 4767">
     <span class='ocr_line' id='line_1_120' title="bbox 1904 4680 3493 4767; baseline 0.004 -24"><span class='ocrx_word' id='word_1_927' title='bbox 1904 4691 1998 4743; x_wconf 90' lang='grc' dir='ltr'>τοῦ</span> <span class='ocrx_word' id='word_1_928' title='bbox 2022 4680 2240 4762; x_wconf 78' lang='grc' dir='ltr'>Δανιὴλ,</span> <span class='ocrx_word' id='word_1_929' title='bbox 2265 4693 2324 4743; x_wconf 86' lang='grc' dir='ltr'>τὸ</span> <span class='ocrx_word' id='word_1_930' title='bbox 2348 4691 2404 4743; x_wconf 86' lang='grc' dir='ltr'>δὲ</span> <span class='ocrx_word' id='word_1_931' title='bbox 2434 4694 2526 4744; x_wconf 76' lang='grc' dir='ltr'>ἐπὶ</span> <span class='ocrx_word' id='word_1_932' title='bbox 2552 4692 2661 4744; x_wconf 90' lang='grc' dir='ltr'>τῶν</span> <span class='ocrx_word' id='word_1_933' title='bbox 2689 4692 2856 4763; x_wconf 86' lang='grc' dir='ltr'>τριῶν</span> <span class='ocrx_word' id='word_1_934' title='bbox 2880 4695 3234 4767; x_wconf 81' lang='grc' dir='ltr'>ἐργασαμένη</span> <span class='ocrx_word' id='word_1_935' title='bbox 3268 4696 3493 4749; x_wconf 76' lang='grc' dir='ltr'>παίδων.</span> 
     </span>
    </p>
   </div>
   <div class='ocr_carea' id='block_1_120' title="bbox 1905 4768 3499 4847">
    <p class='ocr_par' dir='ltr' id='par_1_120' title="bbox 1905 4768 3499 4847">
     <span class='ocr_line' id='line_1_121' title="bbox 1905 4768 3499 4847; baseline 0.003 -22"><span class='ocrx_word' id='word_1_936' title='bbox 1905 4778 1983 4825; x_wconf 87' lang='grc' dir='ltr'>Δι’</span> <span class='ocrx_word' id='word_1_937' title='bbox 2016 4768 2110 4838; x_wconf 85' lang='grc' dir='ltr'>ὧν,</span> <span class='ocrx_word' id='word_1_938' title='bbox 2147 4771 2321 4844; x_wconf 86' lang='grc' dir='ltr'>οἶμαι,</span> <span class='ocrx_word' id='word_1_939' title='bbox 2355 4776 2448 4827; x_wconf 70' lang='grc' dir='ltr'>καὶ</span> <span class='ocrx_word' id='word_1_940' title='bbox 2476 4775 2633 4845; x_wconf 84' lang='grc' dir='ltr'>δῆλον</span> <span class='ocrx_word' id='word_1_941' title='bbox 2664 4776 2964 4847; x_wconf 85' lang='grc' dir='ltr'>πεποίηκεν</span> <span class='ocrx_word' id='word_1_942' title='bbox 2996 4778 3221 4842; x_wconf 77' lang='grc' dir='ltr'>ἅπασιν,</span> <span class='ocrx_word' id='word_1_943' title='bbox 3251 4780 3332 4832; x_wconf 83' lang='grc' dir='ltr'>ὅτι</span> <span class='ocrx_word' id='word_1_944' title='bbox 3362 4780 3499 4831; x_wconf 74' lang='grc' dir='ltr'>πάν-ο</span> 
     </span>
    </p>
   </div>
   <div class='ocr_carea' id='block_1_121' title="bbox 1906 4858 3493 4935">
    <p class='ocr_par' dir='ltr' id='par_1_121' title="bbox 1906 4858 3493 4935">
     <span class='ocr_line' id='line_1_122' title="bbox 1906 4858 3493 4935; baseline 0.002 -24"><span class='ocrx_word' id='word_1_945' title='bbox 1906 4876 2025 4922; x_wconf 88' lang='grc' dir='ltr'>τας,</span> <span class='ocrx_word' id='word_1_946' title='bbox 2052 4860 2209 4922; x_wconf 77' lang='grc' dir='ltr'>ὅσους</span> <span class='ocrx_word' id='word_1_947' title='bbox 2235 4858 2300 4912; x_wconf 82' lang='grc' dir='ltr'>ἂν</span> <span class='ocrx_word' id='word_1_948' title='bbox 2340 4859 2479 4929; x_wconf 82' lang='grc' dir='ltr'>λάὸῃ</span> <span class='ocrx_word' id='word_1_949' title='bbox 2520 4860 2957 4928; x_wconf 83' lang='grc' dir='ltr'>κινδυνεύοντας,</span> <span class='ocrx_word' id='word_1_950' title='bbox 3014 4864 3216 4934; x_wconf 78' lang='grc' dir='ltr'>ῥᾳδίως</span> <span class='ocrx_word' id='word_1_951' title='bbox 3250 4863 3493 4935; x_wconf 72' lang='grc' dir='ltr'>ἐξαρπά-</span> 
     </span>
    </p>
   </div>
   <div class='ocr_carea' id='block_1_122' title="bbox 1904 4942 3501 5021">
    <p class='ocr_par' dir='ltr' id='par_1_122' title="bbox 1904 4942 3501 5021">
     <span class='ocr_line' id='line_1_123' title="bbox 1904 4942 3501 5021; baseline 0.003 -27"><span class='ocrx_word' id='word_1_952' title='bbox 1904 4942 1988 5006; x_wconf 79' lang='grc' dir='ltr'>ζει</span> <span class='ocrx_word' id='word_1_953' title='bbox 2026 4943 2135 4995; x_wconf 90' lang='grc' dir='ltr'>τῶν</span> <span class='ocrx_word' id='word_1_954' title='bbox 2192 4943 2591 5021; x_wconf 86' lang='grc' dir='ltr'>ἐπηρτημένων</span> <span class='ocrx_word' id='word_1_955' title='bbox 2633 4942 2842 4997; x_wconf 88' lang='grc' dir='ltr'>δεινῶν.</span> <span class='ocrx_word' id='word_1_956' title='bbox 2896 4945 3183 5017; x_wconf 88' lang='grc' dir='ltr'>Προσευχὴ</span> <span class='ocrx_word' id='word_1_957' title='bbox 3221 4947 3501 5021; x_wconf 68' lang='grc' dir='ltr'>σωτηρίας</span> 
     </span>
    </p>
   </div>
   <div class='ocr_carea' id='block_1_123' title="bbox 1902 5015 3497 5102">
    <p class='ocr_par' dir='ltr' id='par_1_123' title="bbox 1902 5015 3497 5102">
     <span class='ocr_line' id='line_1_124' title="bbox 1902 5015 3497 5102; baseline 0.002 -23"><span class='ocrx_word' id='word_1_958' title='bbox 1902 5027 2159 5097; x_wconf 85' lang='grc' dir='ltr'>ἀφορμὴ,</span> <span class='ocrx_word' id='word_1_959' title='bbox 2193 5015 2492 5090; x_wconf 79' lang='grc' dir='ltr'>ἀθανασίας</span> <span class='ocrx_word' id='word_1_960' title='bbox 2533 5026 2795 5101; x_wconf 82' lang='grc' dir='ltr'>πρόξενος</span> <span class='ocrx_word' id='word_1_961' title='bbox 2826 5015 3006 5100; x_wconf 80' lang='grc' dir='ltr'>ψυχῆς</span> <span class='ocrx_word' id='word_1_962' title='bbox 3029 5041 3076 5098; x_wconf 73' lang='grc' dir='ltr'>θ,</span> <span class='ocrx_word' id='word_1_963' title='bbox 3109 5015 3209 5102; x_wconf 85' lang='grc' dir='ltr'>τῆς</span> <span class='ocrx_word' id='word_1_964' title='bbox 3265 5015 3497 5101; x_wconf 63' lang='grc' dir='ltr'>Ἐκκληέ</span> 
     </span>
    </p>
   </div>
   <div class='ocr_carea' id='block_1_124' title="bbox 1903 5110 3495 5183">
    <p class='ocr_par' dir='ltr' id='par_1_124' title="bbox 1903 5110 3495 5183">
     <span class='ocr_line' id='line_1_125' title="bbox 1903 5110 3495 5183; baseline 0.001 -20"><span class='ocrx_word' id='word_1_965' title='bbox 1903 5112 2023 5173; x_wconf 81' lang='grc' dir='ltr'>σίας</span> <span class='ocrx_word' id='word_1_966' title='bbox 2048 5112 2229 5179; x_wconf 84' lang='grc' dir='ltr'>τεῖχος</span> <span class='ocrx_word' id='word_1_967' title='bbox 2256 5110 2516 5181; x_wconf 72' lang='grc' dir='ltr'>ἀρῤαγές,</span> <span class='ocrx_word' id='word_1_968' title='bbox 2543 5110 2914 5181; x_wconf 87' lang='grc' dir='ltr'>φυλακτήριον</span> <span class='ocrx_word' id='word_1_969' title='bbox 2954 5114 3225 5177; x_wconf 80' lang='grc' dir='ltr'>ἄσειστον,</span> <span class='ocrx_word' id='word_1_970' title='bbox 3263 5114 3495 5183; x_wconf 65' lang='grc' dir='ltr'>φοϐερὸν</span> 
     </span>
    </p>
   </div>
   <div class='ocr_carea' id='block_1_125' title="bbox 1902 5194 3491 5268">
    <p class='ocr_par' dir='ltr' id='par_1_125' title="bbox 1902 5194 3491 5268">
     <span class='ocr_line' id='line_1_126' title="bbox 1902 5194 3491 5268; baseline 0.004 -23"><span class='ocrx_word' id='word_1_971' title='bbox 1902 5194 2003 5262; x_wconf 90' lang='grc' dir='ltr'>μὲν</span> <span class='ocrx_word' id='word_1_972' title='bbox 2030 5197 2142 5256; x_wconf 88' lang='grc' dir='ltr'>τοῖς</span> <span class='ocrx_word' id='word_1_973' title='bbox 2180 5194 2422 5265; x_wconf 89' lang='grc' dir='ltr'>δαίμοσι,</span> <span class='ocrx_word' id='word_1_974' title='bbox 2460 5197 2729 5265; x_wconf 80' lang='grc' dir='ltr'>σωτήριον</span> <span class='ocrx_word' id='word_1_975' title='bbox 2773 5196 2829 5248; x_wconf 84' lang='grc' dir='ltr'>δὲ</span> <span class='ocrx_word' id='word_1_976' title='bbox 2872 5199 2983 5259; x_wconf 87' lang='grc' dir='ltr'>τοῖς</span> <span class='ocrx_word' id='word_1_977' title='bbox 3017 5197 3301 5251; x_wconf 78' lang='grc' dir='ltr'>εὐσεδέσιν</span> <span class='ocrx_word' id='word_1_978' title='bbox 3338 5200 3491 5268; x_wconf 79' lang='grc' dir='ltr'>ἡμῖν.</span> 
     </span>
    </p>
   </div>
   <div class='ocr_carea' id='block_1_126' title="bbox 1902 5275 3489 5351">
    <p class='ocr_par' dir='ltr' id='par_1_126' title="bbox 1902 5275 3489 5351">
     <span class='ocr_line' id='line_1_127' title="bbox 1902 5275 3489 5351; baseline 0.004 -23"><span class='ocrx_word' id='word_1_979' title='bbox 1902 5276 2053 5345; x_wconf 79' lang='grc' dir='ltr'>Αῦτη</span> <span class='ocrx_word' id='word_1_980' title='bbox 2087 5276 2178 5328; x_wconf 84' lang='grc' dir='ltr'>τὸν</span> <span class='ocrx_word' id='word_1_981' title='bbox 2223 5278 2377 5345; x_wconf 76' lang='grc' dir='ltr'>ἆγιον</span> <span class='ocrx_word' id='word_1_982' title='bbox 2418 5281 2705 5348; x_wconf 68' lang='grc' dir='ltr'>προφήτην</span> <span class='ocrx_word' id='word_1_983' title='bbox 2738 5279 2831 5331; x_wconf 76' lang='grc' dir='ltr'>τὸν</span> <span class='ocrx_word' id='word_1_984' title='bbox 2874 5275 3127 5351; x_wconf 84' lang='grc' dir='ltr'>Σαμουὴλ</span> <span class='ocrx_word' id='word_1_985' title='bbox 3165 5281 3489 5351; x_wconf 87' lang='grc' dir='ltr'>ἐγέννησεν·</span> 
     </span>
    </p>
   </div>
   <div class='ocr_carea' id='block_1_127' title="bbox 1900 5359 3494 5437">
    <p class='ocr_par' dir='ltr' id='par_1_127' title="bbox 1900 5359 3494 5437">
     <span class='ocr_line' id='line_1_128' title="bbox 1900 5359 3494 5437; baseline 0.004 -26"><span class='ocrx_word' id='word_1_986' title='bbox 1900 5359 2091 5429; x_wconf 73' lang='grc' dir='ltr'>ἐπειδὴ</span> <span class='ocrx_word' id='word_1_987' title='bbox 2127 5359 2235 5430; x_wconf 90' lang='grc' dir='ltr'>γάρ</span> <span class='ocrx_word' id='word_1_988' title='bbox 2286 5363 2318 5431; x_wconf 85' lang='grc' dir='ltr'>ή</span> <span class='ocrx_word' id='word_1_989' title='bbox 2361 5360 2521 5429; x_wconf 85' lang='grc' dir='ltr'>φύσις</span> <span class='ocrx_word' id='word_1_990' title='bbox 2561 5362 2878 5430; x_wconf 72' lang='grc' dir='ltr'>ἠναντιοῦτο</span> <span class='ocrx_word' id='word_1_991' title='bbox 2926 5365 2991 5434; x_wconf 81' lang='grc' dir='ltr'>τῇ</span> <span class='ocrx_word' id='word_1_992' title='bbox 3040 5367 3207 5436; x_wconf 73' lang='grc' dir='ltr'>μητρὶ</span> <span class='ocrx_word' id='word_1_993' title='bbox 3246 5367 3380 5437; x_wconf 73' lang='grc' dir='ltr'>πρὸς</span> <span class='ocrx_word' id='word_1_994' title='bbox 3410 5384 3494 5434; x_wconf 70' lang='grc' dir='ltr'>γοο</span> 
     </span>
    </p>
   </div>
   <div class='ocr_carea' id='block_1_128' title="bbox 1900 5445 3491 5523">
    <p class='ocr_par' dir='ltr' id='par_1_128' title="bbox 1900 5445 3491 5523">
     <span class='ocr_line' id='line_1_129' title="bbox 1900 5445 3491 5523; baseline 0.004 -27"><span class='ocrx_word' id='word_1_995' title='bbox 1900 5445 2015 5509; x_wconf 77' lang='grc' dir='ltr'>νὰς,</span> <span class='ocrx_word' id='word_1_996' title='bbox 2048 5446 2081 5513; x_wconf 82' lang='grc' dir='ltr'><strong>ἡ</strong></span> <span class='ocrx_word' id='word_1_997' title='bbox 2115 5445 2393 5518; x_wconf 80' lang='grc' dir='ltr'>προσευχὴ</span> <span class='ocrx_word' id='word_1_998' title='bbox 2415 5448 2648 5513; x_wconf 86' lang='grc' dir='ltr'>φανεῖσα</span> <span class='ocrx_word' id='word_1_999' title='bbox 2668 5447 2878 5517; x_wconf 89' lang='grc' dir='ltr'>ταχέως</span> <span class='ocrx_word' id='word_1_1000' title='bbox 2902 5446 3266 5523; x_wconf 80' lang='grc' dir='ltr'>ἐπανώρθωσε</span> <span class='ocrx_word' id='word_1_1001' title='bbox 3298 5450 3359 5501; x_wconf 76' lang='grc' dir='ltr'>τὸ</span> <span class='ocrx_word' id='word_1_1002' title='bbox 3390 5451 3491 5519; x_wconf 83' lang='grc' dir='ltr'>τῆς</span> 
     </span>
    </p>
   </div>
   <div class='ocr_carea' id='block_1_129' title="bbox 1900 5527 3492 5604">
    <p class='ocr_par' dir='ltr' id='par_1_129' title="bbox 1900 5527 3492 5604">
     <span class='ocr_line' id='line_1_130' title="bbox 1900 5527 3492 5604; baseline 0.003 -24"><span class='ocrx_word' id='word_1_1003' title='bbox 1900 5527 2116 5597; x_wconf 85' lang='grc' dir='ltr'>φύσεως</span> <span class='ocrx_word' id='word_1_1004' title='bbox 2154 5528 2466 5599; x_wconf 85' lang='grc' dir='ltr'>ἐλάττωμα.</span> <span class='ocrx_word' id='word_1_1005' title='bbox 2502 5529 2760 5593; x_wconf 82' lang='grc' dir='ltr'>Τοιοῦτος</span> <span class='ocrx_word' id='word_1_1006' title='bbox 2804 5530 2906 5600; x_wconf 90' lang='grc' dir='ltr'>τῆς</span> <span class='ocrx_word' id='word_1_1007' title='bbox 2942 5533 3253 5602; x_wconf 80' lang='grc' dir='ltr'>προσευχῆς</span> <span class='ocrx_word' id='word_1_1008' title='bbox 3286 5535 3313 5585; x_wconf 90' lang='lat'>6</span> <span class='ocrx_word' id='word_1_1009' title='bbox 3360 5553 3492 5604; x_wconf 57' lang='grc' dir='ltr'>καί»</span> 
     </span>
    </p>
   </div>
   <div class='ocr_carea' id='block_1_130' title="bbox 1901 5612 3490 5687">
    <p class='ocr_par' dir='ltr' id='par_1_130' title="bbox 1901 5612 3490 5687">
     <span class='ocr_line' id='line_1_131' title="bbox 1901 5612 3490 5687; baseline 0.004 -22"><span class='ocrx_word' id='word_1_1010' title='bbox 1901 5613 2021 5677; x_wconf 78' lang='grc' dir='ltr'>πὸς,</span> <span class='ocrx_word' id='word_1_1011' title='bbox 2059 5612 2297 5666; x_wconf 83' lang='grc' dir='ltr'>τοιοῦτον</span> <span class='ocrx_word' id='word_1_1012' title='bbox 2340 5615 2699 5685; x_wconf 82' lang='grc' dir='ltr'>ἐφύτευσενή</span> <span class='ocrx_word' id='word_1_1013' title='bbox 2738 5617 3016 5686; x_wconf 88' lang='grc' dir='ltr'>προσευχὴ</span> <span class='ocrx_word' id='word_1_1014' title='bbox 3060 5620 3360 5687; x_wconf 76' lang='grc' dir='ltr'>προφήτην.</span> <span class='ocrx_word' id='word_1_1015' title='bbox 3410 5618 3490 5673; x_wconf 80' lang='grc' dir='ltr'>Δι’</span> 
     </span>
    </p>
   </div>
   <div class='ocr_carea' id='block_1_131' title="bbox 1962 5739 2803 5805">
    <p class='ocr_par' dir='ltr' id='par_1_131' title="bbox 1962 5739 2803 5805">
     <span class='ocr_line' id='line_1_132' title="bbox 1962 5739 2803 5805; baseline 0.004 -17"><span class='ocrx_word' id='word_1_1016' title='bbox 1962 5740 1987 5779; x_wconf 75' lang='grc'><strong>(1</strong></span> <span class='ocrx_word' id='word_1_1017' title='bbox 2008 5739 2143 5805; x_wconf 66' lang='grc' dir='ltr'>ςρίἰ).</span> <span class='ocrx_word' id='word_1_1018' title='bbox 2166 5742 2270 5789; x_wconf 84' lang='grc' dir='ltr'>καθ’</span> <span class='ocrx_word' id='word_1_1019' title='bbox 2296 5744 2483 5805; x_wconf 75' lang='grc' dir='ltr'>ἑαυτῶν</span> <span class='ocrx_word' id='word_1_1020' title='bbox 2499 5742 2803 5805; x_wconf 82' lang='grc' dir='ltr'>διεγείρομεν.</span> 
     </span>
    </p>
   </div>
   <div class='ocr_carea' id='block_1_132' title="bbox 1966 5802 2923 5864">
    <p class='ocr_par' dir='ltr' id='par_1_132' title="bbox 1966 5802 2923 5864">
     <span class='ocr_line' id='line_1_133' title="bbox 1966 5802 2923 5864; baseline 0.006 -15"><span class='ocrx_word' id='word_1_1021' title='bbox 1966 5806 1989 5831; x_wconf 75' lang='grc' dir='ltr'>θ</span> <span class='ocrx_word' id='word_1_1022' title='bbox 2015 5802 2187 5864; x_wconf 64' lang='grc' dir='ltr'>Ψυχῆς</span> <span class='ocrx_word' id='word_1_1023' title='bbox 2206 5804 2346 5851; x_wconf 73' lang='lat' dir='ltr'>deest</span> <span class='ocrx_word' id='word_1_1024' title='bbox 2375 5802 2423 5851; x_wconf 83' lang='lat' dir='ltr'>in</span> <span class='ocrx_word' id='word_1_1025' title='bbox 2454 5802 2590 5852; x_wconf 72' lang='grc' dir='ltr'>(ἶυίἰ).</span> <span class='ocrx_word' id='word_1_1026' title='bbox 2622 5802 2672 5853; x_wconf 73' lang='grc' dir='ltr'>οἰ</span> <span class='ocrx_word' id='word_1_1027' title='bbox 2699 5802 2747 5852; x_wconf 74' lang='lat' dir='ltr'><strong>in</strong></span> <span class='ocrx_word' id='word_1_1028' title='bbox 2771 5806 2923 5855; x_wconf 59' lang='grc' dir='ltr'>δατ-ῆι.</span> 
     </span>
    </p>
   </div>
  </div>
