  <div class='ocr_page' id='page_1' title='image "/cluster/home/n/w/nwhite01/storage/ocr_20150623/50/ien.35556001660778/393.png"; bbox 0 0 4066 6432; ppageno 0'>
   <div class='ocr_carea' id='block_1_1' title="bbox 553 358 660 414">
    <p class='ocr_par' dir='ltr' id='par_1_1' title="bbox 553 358 660 414">
     <span class='ocr_line' id='line_1_1' title="bbox 553 358 660 414; baseline 0.037 -4"><span class='ocrx_word' id='word_1_1' title='bbox 553 358 660 414; x_wconf 65' lang='lat'><strong>795</strong></span> 
     </span>
    </p>
   </div>
   <div class='ocr_carea' id='block_1_2' title="bbox 560 472 2131 556">
    <p class='ocr_par' dir='ltr' id='par_1_2' title="bbox 560 472 2131 556">
     <span class='ocr_line' id='line_1_2' title="bbox 560 472 2131 556; baseline -0.003 -28"><span class='ocrx_word' id='word_1_2' title='bbox 560 477 778 556; x_wconf 80' lang='lat' dir='ltr'><strong>omnino</strong></span> <span class='ocrx_word' id='word_1_3' title='bbox 795 476 1086 556; x_wconf 47' lang='lat' dir='ltr'><strong>eruat-iam</strong></span> <span class='ocrx_word' id='word_1_4' title='bbox 1112 473 1542 556; x_wconf 65' lang='lat' dir='ltr'><strong>adventusmeus</strong></span> <span class='ocrx_word' id='word_1_5' title='bbox 1560 473 1751 556; x_wconf 54' lang='lat' dir='ltr'><strong>(Esca.</strong></span> <span class='ocrx_word' id='word_1_6' title='bbox 1782 474 1834 528; x_wconf 81' lang='grc'><strong>5.</strong></span> <span class='ocrx_word' id='word_1_7' title='bbox 1855 472 2025 556; x_wconf 53' lang='lat' dir='ltr'><strong>inihi:</strong></span> <span class='ocrx_word' id='word_1_8' title='bbox 2051 474 2131 524; x_wconf 88' lang='lat' dir='ltr'><strong>sin</strong></span> 
     </span>
    </p>
   </div>
   <div class='ocr_carea' id='block_1_3' title="bbox 563 544 2134 614">
    <p class='ocr_par' dir='ltr' id='par_1_3' title="bbox 563 544 2134 614">
     <span class='ocr_line' id='line_1_3' title="bbox 563 544 2134 614; baseline -0.001 -16"><span class='ocrx_word' id='word_1_9' title='bbox 563 557 738 600; x_wconf 87' lang='lat' dir='ltr'><strong>autem</strong></span> <span class='ocrx_word' id='word_1_10' title='bbox 761 545 896 614; x_wconf 89' lang='lat' dir='ltr'><strong>ignis</strong></span> <span class='ocrx_word' id='word_1_11' title='bbox 929 546 1034 611; x_wconf 90' lang='lat' dir='ltr'><strong>ille,</strong></span> <span class='ocrx_word' id='word_1_12' title='bbox 1060 545 1148 614; x_wconf 83' lang='lat' dir='ltr'><strong>qui</strong></span> <span class='ocrx_word' id='word_1_13' title='bbox 1175 544 1339 598; x_wconf 86' lang='lat' dir='ltr'><strong>divini</strong></span> <span class='ocrx_word' id='word_1_14' title='bbox 1369 545 1534 613; x_wconf 86' lang='lat' dir='ltr'><strong>ipsius</strong></span> <span class='ocrx_word' id='word_1_15' title='bbox 1564 544 1700 614; x_wconf 82' lang='lat' dir='ltr'><strong>ignis</strong></span> <span class='ocrx_word' id='word_1_16' title='bbox 1729 557 1760 596; x_wconf 91' lang='lat' dir='ltr'><strong>c</strong></span> <span class='ocrx_word' id='word_1_17' title='bbox 1779 545 1916 614; x_wconf 61' lang='lat' dir='ltr'><strong>Caelo</strong></span> <span class='ocrx_word' id='word_1_18' title='bbox 1935 545 2134 597; x_wconf 48' lang='lat' dir='ltr'><strong>adveu‘</strong></span> 
     </span>
    </p>
   </div>
   <div class='ocr_carea' id='block_1_4' title="bbox 566 612 2132 683">
    <p class='ocr_par' dir='ltr' id='par_1_4' title="bbox 566 612 2132 683">
     <span class='ocr_line' id='line_1_4' title="bbox 566 612 2132 683; baseline -0.002 -15"><span class='ocrx_word' id='word_1_19' title='bbox 566 625 676 668; x_wconf 90' lang='lat' dir='ltr'><strong>tum</strong></span> <span class='ocrx_word' id='word_1_20' title='bbox 707 612 1088 681; x_wconf 69' lang='lat' dir='ltr'><strong>adumbrabat,</strong></span> <span class='ocrx_word' id='word_1_21' title='bbox 1107 615 1294 670; x_wconf 90' lang='lat' dir='ltr'><strong>rubum</strong></span> <span class='ocrx_word' id='word_1_22' title='bbox 1324 612 1532 683; x_wconf 84' lang='lat' dir='ltr'><strong>quidem</strong></span> <span class='ocrx_word' id='word_1_23' title='bbox 1553 612 1775 682; x_wconf 87' lang='lat' dir='ltr'><strong>rigabat,</strong></span> <span class='ocrx_word' id='word_1_24' title='bbox 1797 613 2012 666; x_wconf 85' lang='lat' dir='ltr'><strong>minime</strong></span> <span class='ocrx_word' id='word_1_25' title='bbox 2037 627 2132 665; x_wconf 88' lang='lat' dir='ltr'><strong>au-</strong></span> 
     </span>
    </p>
   </div>
   <div class='ocr_carea' id='block_1_5' title="bbox 565 683 2131 753">
    <p class='ocr_par' dir='ltr' id='par_1_5' title="bbox 565 683 2131 753">
     <span class='ocr_line' id='line_1_5' title="bbox 565 683 2131 753; baseline -0.002 -16"><span class='ocrx_word' id='word_1_26' title='bbox 565 695 670 737; x_wconf 89' lang='lat' dir='ltr'><strong>tem</strong></span> <span class='ocrx_word' id='word_1_27' title='bbox 694 683 1027 747; x_wconf 90' lang='lat' dir='ltr'><strong>incendebat,</strong></span> <span class='ocrx_word' id='word_1_28' title='bbox 1054 684 1179 753; x_wconf 90' lang='lat' dir='ltr'><strong>quid</strong></span> <span class='ocrx_word' id='word_1_29' title='bbox 1203 685 1474 738; x_wconf 73' lang='lat' dir='ltr'><strong>existimas</strong></span> <span class='ocrx_word' id='word_1_30' title='bbox 1493 683 1559 738; x_wconf 92' lang='lat' dir='ltr'><strong>de</strong></span> <span class='ocrx_word' id='word_1_31' title='bbox 1585 683 1807 737; x_wconf 90' lang='lat' dir='ltr'><strong>veritate</strong></span> <span class='ocrx_word' id='word_1_32' title='bbox 1827 685 2131 746; x_wconf 90' lang='lat' dir='ltr'><strong>dicendum,</strong></span> 
     </span>
    </p>
   </div>
   <div class='ocr_carea' id='block_1_6' title="bbox 565 753 2137 824">
    <p class='ocr_par' dir='ltr' id='par_1_6' title="bbox 565 753 2137 824">
     <span class='ocr_line' id='line_1_6' title="bbox 565 753 2137 824; baseline 0.001 -18"><span class='ocrx_word' id='word_1_33' title='bbox 565 768 683 820; x_wconf 71' lang='lat' dir='ltr'><strong>qua:</strong></span> <span class='ocrx_word' id='word_1_34' title='bbox 708 768 813 824; x_wconf 86' lang='lat' dir='ltr'><strong>non</strong></span> <span class='ocrx_word' id='word_1_35' title='bbox 846 754 902 824; x_wconf 73' lang='lat' dir='ltr'><strong>in</strong></span> <span class='ocrx_word' id='word_1_36' title='bbox 945 755 1154 808; x_wconf 85' lang='lat' dir='ltr'><strong>llamma</strong></span> <span class='ocrx_word' id='word_1_37' title='bbox 1180 755 1336 824; x_wconf 89' lang='lat' dir='ltr'><strong>ignis,</strong></span> <span class='ocrx_word' id='word_1_38' title='bbox 1381 753 1474 807; x_wconf 90' lang='lat' dir='ltr'><strong>sed</strong></span> <span class='ocrx_word' id='word_1_39' title='bbox 1506 755 1556 806; x_wconf 95' lang='lat' dir='ltr'><strong>in</strong></span> <span class='ocrx_word' id='word_1_40' title='bbox 1583 755 1762 821; x_wconf 89' lang='lat' dir='ltr'><strong>specie</strong></span> <span class='ocrx_word' id='word_1_41' title='bbox 1805 754 1994 821; x_wconf 73' lang='lat' dir='ltr'><strong>pluvia:</strong></span> <span class='ocrx_word' id='word_1_42' title='bbox 2040 753 2137 808; x_wconf 88' lang='lat' dir='ltr'><strong>de-</strong></span> 
     </span>
    </p>
   </div>
   <div class='ocr_carea' id='block_1_7' title="bbox 568 822 2137 894">
    <p class='ocr_par' dir='ltr' id='par_1_7' title="bbox 568 822 2137 894">
     <span class='ocr_line' id='line_1_7' title="bbox 568 822 2137 894; baseline 0.001 -18"><span class='ocrx_word' id='word_1_43' title='bbox 568 822 815 877; x_wconf 84' lang='lat' dir='ltr'><strong>scendit?</strong></span> <span class='ocrx_word' id='word_1_44' title='bbox 842 823 1130 894; x_wconf 32' lang='lat' dir='ltr'><strong>TDIDAVCI&#39;O</strong></span> <span class='ocrx_word' id='word_1_45' title='bbox 1156 822 1336 894; x_wconf 82' lang='lat' dir='ltr'><strong>postea</strong></span> <span class='ocrx_word' id='word_1_46' title='bbox 1354 838 1466 877; x_wconf 91' lang='lat' dir='ltr'><strong>rem</strong></span> <span class='ocrx_word' id='word_1_47' title='bbox 1491 824 1798 894; x_wconf 75' lang='lat' dir='ltr'><strong>imperatam</strong></span> <span class='ocrx_word' id='word_1_48' title='bbox 1821 825 2023 894; x_wconf 78' lang='lat' dir='ltr'><strong>peregit</strong></span> <span class='ocrx_word' id='word_1_49' title='bbox 2043 839 2137 878; x_wconf 89' lang='lat' dir='ltr'><strong>au-</strong></span> 
     </span>
    </p>
   </div>
   <div class='ocr_carea' id='block_1_8' title="bbox 566 892 2137 962">
    <p class='ocr_par' dir='ltr' id='par_1_8' title="bbox 566 892 2137 962">
     <span class='ocr_line' id='line_1_8' title="bbox 566 892 2137 962; baseline 0.002 -18"><span class='ocrx_word' id='word_1_50' title='bbox 566 893 748 961; x_wconf 87' lang='lat' dir='ltr'><strong>gelus,</strong></span> <span class='ocrx_word' id='word_1_51' title='bbox 781 901 836 946; x_wconf 91' lang='lat' dir='ltr'><strong>et</strong></span> <span class='ocrx_word' id='word_1_52' title='bbox 859 893 922 948; x_wconf 89' lang='lat' dir='ltr'><strong>ad</strong></span> <span class='ocrx_word' id='word_1_53' title='bbox 957 892 1220 962; x_wconf 80' lang='lat' dir='ltr'><strong>Virginem</strong></span> <span class='ocrx_word' id='word_1_54' title='bbox 1251 893 1520 962; x_wconf 87' lang='lat' dir='ltr'><strong>ingressus</strong></span> <span class='ocrx_word' id='word_1_55' title='bbox 1550 908 1666 948; x_wconf 87' lang='lat' dir='ltr'><strong>eam</strong></span> <span class='ocrx_word' id='word_1_56' title='bbox 1695 893 1777 947; x_wconf 93' lang='lat' dir='ltr'><strong>his</strong></span> <span class='ocrx_word' id='word_1_57' title='bbox 1804 892 1976 946; x_wconf 73' lang='lat' dir='ltr'><strong>verbis</strong></span> <span class='ocrx_word' id='word_1_58' title='bbox 1992 909 2137 948; x_wconf 90' lang='lat' dir='ltr'><strong>com-</strong></span> 
     </span>
    </p>
   </div>
   <div class='ocr_carea' id='block_1_9' title="bbox 607 962 2133 1033">
    <p class='ocr_par' dir='ltr' id='par_1_9' title="bbox 607 962 2133 1033">
     <span class='ocr_line' id='line_1_9' title="bbox 607 962 2133 1033; baseline 0.003 -19"><span class='ocrx_word' id='word_1_59' title='bbox 607 962 789 1033; x_wconf 62' lang='lat' dir='ltr'><strong>ellayit</strong></span> <span class='ocrx_word' id='word_1_60' title='bbox 816 979 831 1014; x_wconf 91' lang='lat'><strong>:</strong></span> <span class='ocrx_word' id='word_1_61' title='bbox 865 963 963 1016; x_wconf 79' lang='lat' dir='ltr'><strong>Ave</strong></span> <span class='ocrx_word' id='word_1_62' title='bbox 989 963 1155 1033; x_wconf 85' lang='lat' dir='ltr'><strong>gratia</strong></span> <span class='ocrx_word' id='word_1_63' title='bbox 1185 963 1351 1033; x_wconf 79' lang='lat' dir='ltr'><strong>plena,</strong></span> <span class='ocrx_word' id='word_1_64' title='bbox 1385 962 1631 1033; x_wconf 76' lang='lat' dir='ltr'><strong>Dominus</strong></span> <span class='ocrx_word' id='word_1_65' title='bbox 1674 973 1831 1016; x_wconf 84' lang='lat' dir='ltr'><strong>tecum</strong></span> <span class='ocrx_word' id='word_1_66' title='bbox 1878 966 1894 1030; x_wconf 92' lang='lat'>(</span> <span class='ocrx_word' id='word_1_67' title='bbox 1922 963 2047 1017; x_wconf 84' lang='lat' dir='ltr'><strong>Luc.</strong></span> <span class='ocrx_word' id='word_1_68' title='bbox 2081 966 2133 1018; x_wconf 81' lang='grc'><strong>1.</strong></span> 
     </span>
    </p>
   </div>
   <div class='ocr_carea' id='block_1_10' title="bbox 603 1031 2134 1100">
    <p class='ocr_par' dir='ltr' id='par_1_10' title="bbox 603 1031 2134 1100">
     <span class='ocr_line' id='line_1_10' title="bbox 603 1031 2134 1100; baseline 0.003 -16"><span class='ocrx_word' id='word_1_69' title='bbox 603 1031 684 1100; x_wconf 85' lang='grc'><strong>8).</strong></span> <span class='ocrx_word' id='word_1_70' title='bbox 714 1031 829 1085; x_wconf 83' lang='grc' dir='ltr'><strong>Νοη</strong></span> <span class='ocrx_word' id='word_1_71' title='bbox 855 1033 962 1100; x_wconf 89' lang='lat' dir='ltr'><strong>jam</strong></span> <span class='ocrx_word' id='word_1_72' title='bbox 989 1031 1217 1099; x_wconf 78' lang='lat' dir='ltr'><strong>amplius</strong></span> <span class='ocrx_word' id='word_1_73' title='bbox 1237 1031 1480 1087; x_wconf 82' lang='lat' dir='ltr'><strong>diabolus</strong></span> <span class='ocrx_word' id='word_1_74' title='bbox 1523 1043 1704 1087; x_wconf 89' lang='lat' dir='ltr'><strong>contra</strong></span> <span class='ocrx_word' id='word_1_75' title='bbox 1755 1042 1805 1088; x_wconf 89' lang='lat' dir='ltr'><strong>te</strong></span> <span class='ocrx_word' id='word_1_76' title='bbox 1831 1050 1843 1084; x_wconf 94' lang='lat'>:</span> <span class='ocrx_word' id='word_1_77' title='bbox 1875 1048 1994 1086; x_wconf 89' lang='lat' dir='ltr'><strong>nam</strong></span> <span class='ocrx_word' id='word_1_78' title='bbox 2047 1035 2134 1088; x_wconf 83' lang='lat' dir='ltr'><strong>tibi</strong></span> 
     </span>
    </p>
   </div>
   <div class='ocr_carea' id='block_1_11' title="bbox 567 1101 2137 1168">
    <p class='ocr_par' dir='ltr' id='par_1_11' title="bbox 567 1101 2137 1168">
     <span class='ocr_line' id='line_1_11' title="bbox 567 1101 2137 1168; baseline 0.002 -15"><span class='ocrx_word' id='word_1_79' title='bbox 567 1101 794 1168; x_wconf 88' lang='lat' dir='ltr'><strong>primum</strong></span> <span class='ocrx_word' id='word_1_80' title='bbox 825 1102 991 1155; x_wconf 90' lang='lat' dir='ltr'><strong>hostis</strong></span> <span class='ocrx_word' id='word_1_81' title='bbox 1020 1103 1209 1155; x_wconf 84' lang='lat' dir='ltr'><strong>vulnus</strong></span> <span class='ocrx_word' id='word_1_82' title='bbox 1230 1101 1438 1166; x_wconf 81' lang='lat' dir='ltr'><strong>inﬂixit,</strong></span> <span class='ocrx_word' id='word_1_83' title='bbox 1469 1103 1536 1156; x_wconf 91' lang='lat' dir='ltr'><strong>ibi</strong></span> <span class='ocrx_word' id='word_1_84' title='bbox 1562 1103 2002 1157; x_wconf 90' lang='lat' dir='ltr'><strong>medicamentum</strong></span> <span class='ocrx_word' id='word_1_85' title='bbox 2022 1119 2137 1156; x_wconf 90' lang='lat' dir='ltr'><strong>me-</strong></span> 
     </span>
    </p>
   </div>
   <div class='ocr_carea' id='block_1_12' title="bbox 567 1171 2128 1242">
    <p class='ocr_par' dir='ltr' id='par_1_12' title="bbox 567 1171 2128 1242">
     <span class='ocr_line' id='line_1_12' title="bbox 567 1171 2128 1242; baseline 0.004 -22"><span class='ocrx_word' id='word_1_86' title='bbox 567 1171 718 1242; x_wconf 81' lang='lat' dir='ltr'><strong>dicus</strong></span> <span class='ocrx_word' id='word_1_87' title='bbox 744 1172 962 1242; x_wconf 90' lang='lat' dir='ltr'><strong>apponit</strong></span> <span class='ocrx_word' id='word_1_88' title='bbox 990 1187 1002 1222; x_wconf 91' lang='lat'>:</span> <span class='ocrx_word' id='word_1_89' title='bbox 1033 1172 1172 1226; x_wconf 86' lang='lat' dir='ltr'><strong>unde</strong></span> <span class='ocrx_word' id='word_1_90' title='bbox 1199 1172 1406 1225; x_wconf 92' lang='lat' dir='ltr'><strong>initium</strong></span> <span class='ocrx_word' id='word_1_91' title='bbox 1432 1189 1677 1242; x_wconf 87' lang='lat' dir='ltr'><strong>egressus</strong></span> <span class='ocrx_word' id='word_1_92' title='bbox 1705 1189 1851 1227; x_wconf 89' lang='lat' dir='ltr'><strong>mors</strong></span> <span class='ocrx_word' id='word_1_93' title='bbox 1903 1174 2084 1228; x_wconf 83' lang='lat' dir='ltr'><strong>habuit</strong></span> <span class='ocrx_word' id='word_1_94' title='bbox 2113 1215 2128 1237; x_wconf 88' lang='lat'><strong>,</strong></span> 
     </span>
    </p>
   </div>
   <div class='ocr_carea' id='block_1_13' title="bbox 567 1239 2133 1311">
    <p class='ocr_par' dir='ltr' id='par_1_13' title="bbox 567 1239 2133 1311">
     <span class='ocr_line' id='line_1_13' title="bbox 567 1239 2133 1311; baseline 0.004 -19"><span class='ocrx_word' id='word_1_95' title='bbox 567 1239 690 1294; x_wconf 83' lang='lat' dir='ltr'><strong>inde</strong></span> <span class='ocrx_word' id='word_1_96' title='bbox 736 1241 844 1293; x_wconf 89' lang='lat' dir='ltr'><strong>vita</strong></span> <span class='ocrx_word' id='word_1_97' title='bbox 910 1241 1206 1310; x_wconf 90' lang='lat' dir='ltr'><strong>ingressum</strong></span> <span class='ocrx_word' id='word_1_98' title='bbox 1258 1239 1488 1311; x_wconf 60' lang='lat' dir='ltr'><strong>paravit:</strong></span> <span class='ocrx_word' id='word_1_99' title='bbox 1527 1242 1629 1297; x_wconf 88' lang='lat' dir='ltr'><strong>Per</strong></span> <span class='ocrx_word' id='word_1_100' title='bbox 1673 1244 1944 1297; x_wconf 83' lang='lat' dir='ltr'><strong>mulierem</strong></span> <span class='ocrx_word' id='word_1_101' title='bbox 1997 1247 2133 1298; x_wconf 88' lang='lat' dir='ltr'><strong>mala</strong></span> 
     </span>
    </p>
   </div>
   <div class='ocr_carea' id='block_1_14' title="bbox 567 1311 2137 1384">
    <p class='ocr_par' dir='ltr' id='par_1_14' title="bbox 567 1311 2137 1384">
     <span class='ocr_line' id='line_1_14' title="bbox 567 1311 2137 1384; baseline 0.001 -19"><span class='ocrx_word' id='word_1_102' title='bbox 567 1311 832 1384; x_wconf 74' lang='lat' dir='ltr'><strong>oriuntur,</strong></span> <span class='ocrx_word' id='word_1_103' title='bbox 862 1325 992 1384; x_wconf 38' lang='lat' dir='ltr'><strong>Lper</strong></span> <span class='ocrx_word' id='word_1_104' title='bbox 1017 1312 1290 1384; x_wconf 85' lang='lat' dir='ltr'><strong>mulierem</strong></span> <span class='ocrx_word' id='word_1_105' title='bbox 1332 1313 1465 1366; x_wconf 88' lang='lat' dir='ltr'><strong>bona</strong></span> <span class='ocrx_word' id='word_1_106' title='bbox 1506 1315 1818 1367; x_wconf 89' lang='lat' dir='ltr'><strong>scaturiunt.</strong></span> <span class='ocrx_word' id='word_1_107' title='bbox 1847 1313 1946 1367; x_wconf 75' lang='lat' dir='ltr'><strong>Ave</strong></span> <span class='ocrx_word' id='word_1_108' title='bbox 1973 1319 2137 1384; x_wconf 81' lang='lat' dir='ltr'><strong>gratia</strong></span> 
     </span>
    </p>
   </div>
   <div class='ocr_carea' id='block_1_15' title="bbox 568 1379 2129 1502">
    <p class='ocr_par' dir='ltr' id='par_1_15' title="bbox 568 1379 2129 1502">
     <span class='ocr_line' id='line_1_15' title="bbox 568 1379 2129 1502; baseline 0.004 -72"><span class='ocrx_word' id='word_1_109' title='bbox 568 1379 720 1502; x_wconf 49' lang='lat' dir='ltr'><strong>alaeue</strong></span> <span class='ocrx_word' id='word_1_110' title='bbox 743 1395 762 1432; x_wconf 89' lang='lat'><em>:</em></span> <span class='ocrx_word' id='word_1_111' title='bbox 791 1379 896 1433; x_wconf 89' lang='lat' dir='ltr'><strong>noli</strong></span> <span class='ocrx_word' id='word_1_112' title='bbox 927 1381 1241 1436; x_wconf 86' lang='lat' dir='ltr'><strong>erubescere</strong></span> <span class='ocrx_word' id='word_1_113' title='bbox 1268 1392 1532 1449; x_wconf 81' lang='lat' dir='ltr'><strong>tamquam</strong></span> <span class='ocrx_word' id='word_1_114' title='bbox 1554 1384 1906 1437; x_wconf 83' lang='lat' dir='ltr'><strong>damnationis</strong></span> <span class='ocrx_word' id='word_1_115' title='bbox 1931 1379 2086 1439; x_wconf 75' lang='lat' dir='ltr'><strong>causa</strong></span> <span class='ocrx_word' id='word_1_116' title='bbox 2117 1400 2129 1436; x_wconf 96' lang='lat'>:</span> 
     </span>
     <span class='ocr_line' id='line_1_16' title="bbox 652 1450 2126 1502; baseline 0 0"><span class='ocrx_word' id='word_1_117' title='bbox 652 1457 732 1502; x_wconf 88' lang='lat' dir='ltr'><strong>ter</strong></span> <span class='ocrx_word' id='word_1_118' title='bbox 761 1451 904 1502; x_wconf 85' lang='lat' dir='ltr'><strong>enim</strong></span> <span class='ocrx_word' id='word_1_119' title='bbox 934 1450 1049 1502; x_wconf 92' lang='lat' dir='ltr'><strong>eius</strong></span> <span class='ocrx_word' id='word_1_120' title='bbox 1074 1452 1162 1502; x_wconf 84' lang='lat' dir='ltr'><strong>aui</strong></span> <span class='ocrx_word' id='word_1_121' title='bbox 1191 1452 1482 1502; x_wconf 82' lang='lat' dir='ltr'><strong>damnavit.</strong></span> <span class='ocrx_word' id='word_1_122' title='bbox 1510 1467 1602 1502; x_wconf 78' lang='lat' dir='ltr'><strong>per</strong></span> <span class='ocrx_word' id='word_1_123' title='bbox 1622 1454 1843 1502; x_wconf 68' lang='lat' dir='ltr'><strong>gratiam</strong></span> <span class='ocrx_word' id='word_1_124' title='bbox 1870 1454 2126 1502; x_wconf 68' lang='lat' dir='ltr'><strong>reddet-is-</strong></span> 
     </span>
    </p>
   </div>
   <div class='ocr_carea' id='block_1_16' title="bbox 652 1450 2126 1523">
    <p class='ocr_par' dir='ltr' id='par_1_16' title="bbox 652 1450 2126 1523">
     <span class='ocr_line' id='line_1_17' title="bbox 652 1450 2126 1523; baseline 0.003 -20"><span class='ocrx_word' id='word_1_125' title='bbox 652 1457 732 1503; x_wconf 87' lang='lat' dir='ltr'><strong>ter</strong></span> <span class='ocrx_word' id='word_1_126' title='bbox 761 1451 904 1504; x_wconf 86' lang='lat' dir='ltr'><strong>enim</strong></span> <span class='ocrx_word' id='word_1_127' title='bbox 934 1450 1049 1520; x_wconf 85' lang='lat' dir='ltr'><strong>ejus</strong></span> <span class='ocrx_word' id='word_1_128' title='bbox 1074 1452 1162 1520; x_wconf 85' lang='lat' dir='ltr'><strong>qui</strong></span> <span class='ocrx_word' id='word_1_129' title='bbox 1191 1452 1482 1518; x_wconf 81' lang='lat' dir='ltr'><strong>damnavit,</strong></span> <span class='ocrx_word' id='word_1_130' title='bbox 1508 1467 1602 1521; x_wconf 89' lang='lat' dir='ltr'><strong>per</strong></span> <span class='ocrx_word' id='word_1_131' title='bbox 1622 1454 1844 1523; x_wconf 86' lang='lat' dir='ltr'><strong>gratiam</strong></span> <span class='ocrx_word' id='word_1_132' title='bbox 1870 1454 2126 1510; x_wconf 87' lang='lat' dir='ltr'><strong>redderis.</strong></span> 
     </span>
    </p>
   </div>
   <div class='ocr_carea' id='block_1_17' title="bbox 2071 354 2340 410">
    <p class='ocr_par' dir='ltr' id='par_1_17' title="bbox 2071 354 2340 410">
     <span class='ocr_line' id='line_1_18' title="bbox 2071 354 2340 410; baseline -0.007 0"><span class='ocrx_word' id='word_1_133' title='bbox 2071 354 2340 410; x_wconf 74' lang='lat' dir='ltr'><strong>SPURlA.</strong></span> 
     </span>
    </p>
   </div>
   <div class='ocr_carea' id='block_1_18' title="bbox 3713 361 3819 416">
    <p class='ocr_par' dir='ltr' id='par_1_18' title="bbox 3713 361 3819 416">
     <span class='ocr_line' id='line_1_19' title="bbox 3713 361 3819 416; baseline 0.038 -4"><span class='ocrx_word' id='word_1_134' title='bbox 3713 361 3819 416; x_wconf 75' lang='lat'><strong>790</strong></span> 
     </span>
    </p>
   </div>
   <div class='ocr_carea' id='block_1_19' title="bbox 2245 466 3820 538">
    <p class='ocr_par' dir='ltr' id='par_1_19' title="bbox 2245 466 3820 538">
     <span class='ocr_line' id='line_1_20' title="bbox 2245 466 3820 538; baseline 0.002 -19"><span class='ocrx_word' id='word_1_135' title='bbox 2245 466 2350 519; x_wconf 76' lang='lat' dir='ltr'><strong>Ave</strong></span> <span class='ocrx_word' id='word_1_136' title='bbox 2371 466 2534 538; x_wconf 85' lang='lat' dir='ltr'><strong>gratia</strong></span> <span class='ocrx_word' id='word_1_137' title='bbox 2559 469 2708 536; x_wconf 80' lang='lat' dir='ltr'><strong>plena</strong></span> <span class='ocrx_word' id='word_1_138' title='bbox 2727 485 2746 522; x_wconf 91' lang='lat'><strong><em>:</em></strong></span> <span class='ocrx_word' id='word_1_139' title='bbox 2779 466 2924 520; x_wconf 86' lang='lat' dir='ltr'><strong>salve</strong></span> <span class='ocrx_word' id='word_1_140' title='bbox 2945 481 3066 538; x_wconf 67' lang='lat' dir='ltr'><strong>qua:</strong></span> <span class='ocrx_word' id='word_1_141' title='bbox 3095 466 3293 522; x_wconf 91' lang='lat' dir='ltr'><strong>mundo</strong></span> <span class='ocrx_word' id='word_1_142' title='bbox 3343 467 3395 522; x_wconf 95' lang='lat' dir='ltr'><strong>in</strong></span> <span class='ocrx_word' id='word_1_143' title='bbox 3443 467 3693 525; x_wconf 84' lang='lat' dir='ltr'><strong>viduitate</strong></span> <span class='ocrx_word' id='word_1_144' title='bbox 3737 470 3820 538; x_wconf 86' lang='lat' dir='ltr'><strong>ja-</strong></span> 
     </span>
    </p>
   </div>
   <div class='ocr_carea' id='block_1_20' title="bbox 2243 537 3820 606">
    <p class='ocr_par' dir='ltr' id='par_1_20' title="bbox 2243 537 3820 606">
     <span class='ocr_line' id='line_1_21' title="bbox 2243 537 3820 606; baseline 0.003 -19"><span class='ocrx_word' id='word_1_145' title='bbox 2243 537 2382 588; x_wconf 88' lang='lat' dir='ltr'><strong>centi</strong></span> <span class='ocrx_word' id='word_1_146' title='bbox 2411 552 2663 605; x_wconf 90' lang='lat' dir='ltr'><strong>sponsum</strong></span> <span class='ocrx_word' id='word_1_147' title='bbox 2692 538 2832 606; x_wconf 90' lang='lat' dir='ltr'><strong>paris</strong></span> <span class='ocrx_word' id='word_1_148' title='bbox 2858 537 3153 604; x_wconf 88' lang='lat' dir='ltr'><strong>impolluta.</strong></span> <span class='ocrx_word' id='word_1_149' title='bbox 3186 537 3288 590; x_wconf 80' lang='lat' dir='ltr'><strong>Ave</strong></span> <span class='ocrx_word' id='word_1_150' title='bbox 3306 539 3471 606; x_wconf 80' lang='lat' dir='ltr'><strong>gratia</strong></span> <span class='ocrx_word' id='word_1_151' title='bbox 3499 538 3667 606; x_wconf 80' lang='lat' dir='ltr'><strong>plena.</strong></span> <span class='ocrx_word' id='word_1_152' title='bbox 3696 537 3820 606; x_wconf 76' lang='lat' dir='ltr'><strong>qua:</strong></span> 
     </span>
    </p>
   </div>
   <div class='ocr_carea' id='block_1_21' title="bbox 2243 607 3819 677">
    <p class='ocr_par' dir='ltr' id='par_1_21' title="bbox 2243 607 3819 677">
     <span class='ocr_line' id='line_1_22' title="bbox 2243 607 3819 677; baseline 0.001 -19"><span class='ocrx_word' id='word_1_153' title='bbox 2243 607 2294 658; x_wconf 93' lang='lat' dir='ltr'><strong>in</strong></span> <span class='ocrx_word' id='word_1_154' title='bbox 2315 616 2472 677; x_wconf 84' lang='lat' dir='ltr'><strong>utero</strong></span> <span class='ocrx_word' id='word_1_155' title='bbox 2501 607 2683 660; x_wconf 89' lang='lat' dir='ltr'><strong>matris</strong></span> <span class='ocrx_word' id='word_1_156' title='bbox 2713 615 2936 661; x_wconf 91' lang='lat' dir='ltr'><strong>mortem</strong></span> <span class='ocrx_word' id='word_1_157' title='bbox 2961 608 3291 677; x_wconf 86' lang='lat' dir='ltr'><strong>submergis;</strong></span> <span class='ocrx_word' id='word_1_158' title='bbox 3321 623 3416 660; x_wconf 90' lang='lat' dir='ltr'><strong>ave</strong></span> <span class='ocrx_word' id='word_1_159' title='bbox 3443 610 3689 676; x_wconf 80' lang='lat' dir='ltr'><strong>templum</strong></span> <span class='ocrx_word' id='word_1_160' title='bbox 3725 609 3819 661; x_wconf 89' lang='lat' dir='ltr'><strong>Dei</strong></span> 
     </span>
    </p>
   </div>
   <div class='ocr_carea' id='block_1_22' title="bbox 2240 676 3825 748">
    <p class='ocr_par' dir='ltr' id='par_1_22' title="bbox 2240 676 3825 748">
     <span class='ocr_line' id='line_1_23' title="bbox 2240 676 3825 748; baseline 0.002 -21"><span class='ocrx_word' id='word_1_161' title='bbox 2240 676 2529 748; x_wconf 84' lang='lat' dir='ltr'><strong>animatum</strong></span> <span class='ocrx_word' id='word_1_162' title='bbox 2546 693 2569 748; x_wconf 14' lang='lat'><strong>;7</strong></span> <span class='ocrx_word' id='word_1_163' title='bbox 2594 691 2690 730; x_wconf 88' lang='lat' dir='ltr'><strong>ave</strong></span> <span class='ocrx_word' id='word_1_164' title='bbox 2710 677 2845 748; x_wconf 64' lang='lat' dir='ltr'><strong>caelo</strong></span> <span class='ocrx_word' id='word_1_165' title='bbox 2872 691 2934 730; x_wconf 89' lang='lat' dir='ltr'><strong>ac</strong></span> <span class='ocrx_word' id='word_1_166' title='bbox 2961 685 3116 748; x_wconf 78' lang='lat' dir='ltr'><strong>terra:</strong></span> <span class='ocrx_word' id='word_1_167' title='bbox 3143 676 3240 748; x_wconf 90' lang='lat' dir='ltr'><strong>par</strong></span> <span class='ocrx_word' id='word_1_168' title='bbox 3265 677 3625 731; x_wconf 87' lang='lat' dir='ltr'><strong>habitaculum</strong></span> <span class='ocrx_word' id='word_1_169' title='bbox 3651 692 3666 738; x_wconf 85' lang='lat'>;</span> <span class='ocrx_word' id='word_1_170' title='bbox 3723 692 3825 730; x_wconf 79' lang='lat' dir='ltr'><strong>ave</strong></span> 
     </span>
    </p>
   </div>
   <div class='ocr_carea' id='block_1_23' title="bbox 2243 745 3820 816">
    <p class='ocr_par' dir='ltr' id='par_1_23' title="bbox 2243 745 3820 816">
     <span class='ocr_line' id='line_1_24' title="bbox 2243 745 3820 816; baseline -0.001 -19"><span class='ocrx_word' id='word_1_171' title='bbox 2243 745 2535 811; x_wconf 78' lang='lat' dir='ltr'><strong>Spatiosum</strong></span> <span class='ocrx_word' id='word_1_172' title='bbox 2559 746 3111 814; x_wconf 87' lang='lat' dir='ltr'><strong>incomprehensibilis</strong></span> <span class='ocrx_word' id='word_1_173' title='bbox 3146 745 3360 800; x_wconf 57' lang='lat' dir='ltr'><strong>&#39;naturte</strong></span> <span class='ocrx_word' id='word_1_174' title='bbox 3404 749 3820 816; x_wconf 79' lang='lat' dir='ltr'><strong>receptaculum.</strong></span> 
     </span>
    </p>
   </div>
   <div class='ocr_carea' id='block_1_24' title="bbox 2241 816 3827 884">
    <p class='ocr_par' dir='ltr' id='par_1_24' title="bbox 2241 816 3827 884">
     <span class='ocr_line' id='line_1_25' title="bbox 2241 816 3827 884; baseline 0 -16"><span class='ocrx_word' id='word_1_175' title='bbox 2241 817 2369 880; x_wconf 75' lang='lat' dir='ltr'><strong>Qum</strong></span> <span class='ocrx_word' id='word_1_176' title='bbox 2395 830 2514 869; x_wconf 91' lang='lat' dir='ltr'><strong>cum</strong></span> <span class='ocrx_word' id='word_1_177' title='bbox 2542 817 2615 870; x_wconf 87' lang='lat' dir='ltr'><strong>ita</strong></span> <span class='ocrx_word' id='word_1_178' title='bbox 2636 817 2762 880; x_wconf 89' lang='lat' dir='ltr'><strong>sint,</strong></span> <span class='ocrx_word' id='word_1_179' title='bbox 2790 817 3167 884; x_wconf 64' lang='lat' dir='ltr'><strong>aegrotantibus</strong></span> <span class='ocrx_word' id='word_1_180' title='bbox 3192 817 3430 869; x_wconf 87' lang='lat' dir='ltr'><strong>medicus</strong></span> <span class='ocrx_word' id='word_1_181' title='bbox 3461 832 3552 884; x_wconf 83' lang='lat' dir='ltr'><strong>per</strong></span> <span class='ocrx_word' id='word_1_182' title='bbox 3576 832 3691 869; x_wconf 89' lang='lat' dir='ltr'><strong>eam</strong></span> <span class='ocrx_word' id='word_1_183' title='bbox 3729 816 3827 868; x_wconf 84' lang='lat' dir='ltr'><strong>ad-</strong></span> 
     </span>
    </p>
   </div>
   <div class='ocr_carea' id='block_1_25' title="bbox 2242 885 3825 954">
    <p class='ocr_par' dir='ltr' id='par_1_25' title="bbox 2242 885 3825 954">
     <span class='ocr_line' id='line_1_26' title="bbox 2242 885 3825 954; baseline -0.001 -17"><span class='ocrx_word' id='word_1_184' title='bbox 2242 888 2407 949; x_wconf 88' lang='lat' dir='ltr'><strong>venit,</strong></span> <span class='ocrx_word' id='word_1_185' title='bbox 2458 885 2775 940; x_wconf 88' lang='lat' dir='ltr'><strong>intenebris</strong></span> <span class='ocrx_word' id='word_1_186' title='bbox 2803 886 3115 941; x_wconf 86' lang='lat' dir='ltr'><strong>sedentibus</strong></span> <span class='ocrx_word' id='word_1_187' title='bbox 3151 885 3373 954; x_wconf 65' lang='lat' dir='ltr'><strong>justitite</strong></span> <span class='ocrx_word' id='word_1_188' title='bbox 3419 887 3495 938; x_wconf 87' lang='lat' dir='ltr'><strong>sol</strong></span> <span class='ocrx_word' id='word_1_189' title='bbox 3539 887 3825 953; x_wconf 89' lang='lat' dir='ltr'><strong>apparuit,</strong></span> 
     </span>
    </p>
   </div>
   <div class='ocr_carea' id='block_1_26' title="bbox 2243 956 3826 1024">
    <p class='ocr_par' dir='ltr' id='par_1_26' title="bbox 2243 956 3826 1024">
     <span class='ocr_line' id='line_1_27' title="bbox 2243 956 3826 1024; baseline 0.001 -19"><span class='ocrx_word' id='word_1_190' title='bbox 2243 964 2559 1022; x_wconf 82' lang='lat' dir='ltr'><strong>tempestate</strong></span> <span class='ocrx_word' id='word_1_191' title='bbox 2582 956 2798 1024; x_wconf 88' lang='lat' dir='ltr'><strong>jactatis</strong></span> <span class='ocrx_word' id='word_1_192' title='bbox 2839 957 3070 1009; x_wconf 76' lang='lat' dir='ltr'><strong>anchora</strong></span> <span class='ocrx_word' id='word_1_193' title='bbox 3121 965 3409 1024; x_wconf 89' lang='lat' dir='ltr'><strong>portusque</strong></span> <span class='ocrx_word' id='word_1_194' title='bbox 3463 957 3781 1022; x_wconf 86' lang='lat' dir='ltr'><strong>tranquillus</strong></span> <span class='ocrx_word' id='word_1_195' title='bbox 3807 991 3826 1018; x_wconf 85' lang='lat'><strong>,</strong></span> 
     </span>
    </p>
   </div>
   <div class='ocr_carea' id='block_1_27' title="bbox 2241 1025 3830 1094">
    <p class='ocr_par' dir='ltr' id='par_1_27' title="bbox 2241 1025 3830 1094">
     <span class='ocr_line' id='line_1_28' title="bbox 2241 1025 3830 1094; baseline 0 -19"><span class='ocrx_word' id='word_1_196' title='bbox 2241 1026 2409 1094; x_wconf 88' lang='lat' dir='ltr'><strong>servis</strong></span> <span class='ocrx_word' id='word_1_197' title='bbox 2437 1026 2752 1092; x_wconf 89' lang='lat' dir='ltr'><strong>implacabili</strong></span> <span class='ocrx_word' id='word_1_198' title='bbox 2779 1025 2902 1079; x_wconf 92' lang='lat' dir='ltr'><strong>odio</strong></span> <span class='ocrx_word' id='word_1_199' title='bbox 2922 1025 3200 1093; x_wconf 86' lang='lat' dir='ltr'><strong>disjunctis</strong></span> <span class='ocrx_word' id='word_1_200' title='bbox 3220 1025 3425 1094; x_wconf 91' lang='lat' dir='ltr'><strong>legatus</strong></span> <span class='ocrx_word' id='word_1_201' title='bbox 3451 1034 3533 1094; x_wconf 72' lang='lat' dir='ltr'><strong>est</strong></span> <span class='ocrx_word' id='word_1_202' title='bbox 3561 1039 3717 1077; x_wconf 87' lang='lat' dir='ltr'><strong>natus</strong></span> <span class='ocrx_word' id='word_1_203' title='bbox 3769 1034 3830 1077; x_wconf 92' lang='lat' dir='ltr'><strong>et</strong></span> 
     </span>
    </p>
   </div>
   <div class='ocr_carea' id='block_1_28' title="bbox 2243 1093 3831 1164">
    <p class='ocr_par' dir='ltr' id='par_1_28' title="bbox 2243 1093 3831 1164">
     <span class='ocr_line' id='line_1_29' title="bbox 2243 1093 3831 1164; baseline 0.001 -20"><span class='ocrx_word' id='word_1_204' title='bbox 2243 1093 2388 1164; x_wconf 86' lang='lat' dir='ltr'><strong>pacis</strong></span> <span class='ocrx_word' id='word_1_205' title='bbox 2415 1095 2703 1161; x_wconf 85' lang='lat' dir='ltr'><strong>vinculum,</strong></span> <span class='ocrx_word' id='word_1_206' title='bbox 2735 1098 2957 1164; x_wconf 74' lang='lat' dir='ltr'><strong>captivis</strong></span> <span class='ocrx_word' id='word_1_207' title='bbox 2977 1098 3281 1162; x_wconf 88' lang='lat' dir='ltr'><strong>redemptor</strong></span> <span class='ocrx_word' id='word_1_208' title='bbox 3308 1093 3527 1161; x_wconf 87' lang='lat' dir='ltr'><strong>appulit,</strong></span> <span class='ocrx_word' id='word_1_209' title='bbox 3567 1095 3707 1146; x_wconf 88' lang='lat' dir='ltr'><strong>bello</strong></span> <span class='ocrx_word' id='word_1_210' title='bbox 3736 1107 3831 1146; x_wconf 83' lang='lat' dir='ltr'><strong>vc-</strong></span> 
     </span>
    </p>
   </div>
   <div class='ocr_carea' id='block_1_29' title="bbox 2245 1163 3826 1234">
    <p class='ocr_par' dir='ltr' id='par_1_29' title="bbox 2245 1163 3826 1234">
     <span class='ocr_line' id='line_1_30' title="bbox 2245 1163 3826 1234; baseline 0 -21"><span class='ocrx_word' id='word_1_211' title='bbox 2245 1163 2378 1234; x_wconf 64' lang='lat' dir='ltr'><strong>satis</strong></span> <span class='ocrx_word' id='word_1_212' title='bbox 2409 1164 2617 1234; x_wconf 69' lang='lat' dir='ltr'><strong>[irinum</strong></span> <span class='ocrx_word' id='word_1_213' title='bbox 2642 1163 2925 1218; x_wconf 72' lang='lat' dir='ltr'><strong>ineffabilia</strong></span> <span class='ocrx_word' id='word_1_214' title='bbox 2953 1165 3128 1234; x_wconf 82' lang='lat' dir='ltr'><strong>gaudii</strong></span> <span class='ocrx_word' id='word_1_215' title='bbox 3167 1175 3231 1234; x_wconf 63' lang='lat' dir='ltr'><strong>et</strong></span> <span class='ocrx_word' id='word_1_216' title='bbox 3260 1165 3500 1234; x_wconf 81' lang='lat' dir='ltr'><strong>caritatis</strong></span> <span class='ocrx_word' id='word_1_217' title='bbox 3529 1165 3826 1234; x_wconf 85' lang='lat' dir='ltr'><strong>umbracu-</strong></span> 
     </span>
    </p>
   </div>
   <div class='ocr_carea' id='block_1_30' title="bbox 2242 1232 3833 1304">
    <p class='ocr_par' dir='ltr' id='par_1_30' title="bbox 2242 1232 3833 1304">
     <span class='ocr_line' id='line_1_31' title="bbox 2242 1232 3833 1304; baseline 0.001 -21"><span class='ocrx_word' id='word_1_218' title='bbox 2242 1233 2370 1304; x_wconf 82' lang='lat' dir='ltr'><strong>lum.</strong></span> <span class='ocrx_word' id='word_1_219' title='bbox 2401 1232 2524 1302; x_wconf 78' lang='lat' dir='ltr'><strong>Ipse</strong></span> <span class='ocrx_word' id='word_1_220' title='bbox 2547 1234 2677 1287; x_wconf 83' lang='lat' dir='ltr'><strong>enim</strong></span> <span class='ocrx_word' id='word_1_221' title='bbox 2706 1243 2775 1287; x_wconf 82' lang='lat' dir='ltr'><strong>est</strong></span> <span class='ocrx_word' id='word_1_222' title='bbox 2806 1251 2907 1304; x_wconf 77' lang='lat' dir='ltr'><strong>pax</strong></span> <span class='ocrx_word' id='word_1_223' title='bbox 2931 1232 3102 1286; x_wconf 82' lang='lat' dir='ltr'><strong>nostra</strong></span> <span class='ocrx_word' id='word_1_224' title='bbox 3128 1233 3343 1302; x_wconf 82' lang='lat' dir='ltr'><strong>(Epltes.</strong></span> <span class='ocrx_word' id='word_1_225' title='bbox 3389 1233 3444 1285; x_wconf 76' lang='grc'><strong>2.</strong></span> <span class='ocrx_word' id='word_1_226' title='bbox 3493 1234 3606 1304; x_wconf 62' lang='grc' dir='ltr'><strong>υ),</strong></span> <span class='ocrx_word' id='word_1_227' title='bbox 3644 1241 3697 1283; x_wconf 84' lang='grc' dir='ltr'>ιιι</span> <span class='ocrx_word' id='word_1_228' title='bbox 3752 1233 3833 1304; x_wconf 81' lang='lat' dir='ltr'><strong>ait</strong></span> 
     </span>
    </p>
   </div>
   <div class='ocr_carea' id='block_1_31' title="bbox 2239 1301 3834 1372">
    <p class='ocr_par' dir='ltr' id='par_1_31' title="bbox 2239 1301 3834 1372">
     <span class='ocr_line' id='line_1_32' title="bbox 2239 1301 3834 1372; baseline 0.001 -20"><span class='ocrx_word' id='word_1_229' title='bbox 2239 1301 2928 1372; x_wconf 52' lang='lat' dir='ltr'><strong>divinuSApostolus{qua</strong></span> <span class='ocrx_word' id='word_1_230' title='bbox 2954 1301 3154 1356; x_wconf 90' lang='lat' dir='ltr'><strong>utinam</strong></span> <span class='ocrx_word' id='word_1_231' title='bbox 3204 1301 3462 1356; x_wconf 68' lang='lat' dir='ltr'><strong>aeternum</strong></span> <span class='ocrx_word' id='word_1_232' title='bbox 3517 1303 3612 1355; x_wconf 83' lang='lat' dir='ltr'><strong>l’rui</strong></span> <span class='ocrx_word' id='word_1_233' title='bbox 3659 1301 3834 1372; x_wconf 38' lang='lat' dir='ltr'><strong>possit</strong></span> 
     </span>
    </p>
   </div>
   <div class='ocr_carea' id='block_1_32' title="bbox 2240 1369 3834 1442">
    <p class='ocr_par' dir='ltr' id='par_1_32' title="bbox 2240 1369 3834 1442">
     <span class='ocr_line' id='line_1_33' title="bbox 2240 1369 3834 1442; baseline -0.001 -18"><span class='ocrx_word' id='word_1_234' title='bbox 2240 1387 2382 1436; x_wconf 91' lang='lat' dir='ltr'><strong>mus,</strong></span> <span class='ocrx_word' id='word_1_235' title='bbox 2413 1369 2734 1442; x_wconf 80' lang='lat' dir='ltr'><strong>benignitate</strong></span> <span class='ocrx_word' id='word_1_236' title='bbox 2791 1369 2955 1442; x_wconf 83' lang='lat' dir='ltr'><strong>ipsius</strong></span> <span class='ocrx_word' id='word_1_237' title='bbox 2993 1373 3186 1427; x_wconf 86' lang='lat' dir='ltr'><strong>Christi</strong></span> <span class='ocrx_word' id='word_1_238' title='bbox 3245 1374 3442 1441; x_wconf 89' lang='lat' dir='ltr'><strong>Deique</strong></span> <span class='ocrx_word' id='word_1_239' title='bbox 3485 1369 3692 1436; x_wconf 86' lang='lat' dir='ltr'><strong>nostri,</strong></span> <span class='ocrx_word' id='word_1_240' title='bbox 3741 1369 3834 1424; x_wconf 89' lang='lat' dir='ltr'><strong>cui</strong></span> 
     </span>
    </p>
   </div>
   <div class='ocr_carea' id='block_1_33' title="bbox 2240 1441 3349 1510">
    <p class='ocr_par' dir='ltr' id='par_1_33' title="bbox 2240 1441 3349 1510">
     <span class='ocr_line' id='line_1_34' title="bbox 2240 1441 3349 1510; baseline 0 -16"><span class='ocrx_word' id='word_1_241' title='bbox 2240 1441 2404 1510; x_wconf 85' lang='lat' dir='ltr'><strong>gloria</strong></span> <span class='ocrx_word' id='word_1_242' title='bbox 2453 1442 2502 1495; x_wconf 92' lang='lat' dir='ltr'><strong>in</strong></span> <span class='ocrx_word' id='word_1_243' title='bbox 2546 1441 2748 1497; x_wconf 13' lang='lat' dir='ltr'><strong>ismcula</strong></span> <span class='ocrx_word' id='word_1_244' title='bbox 2779 1443 3117 1498; x_wconf 69' lang='lat' dir='ltr'><strong>scenici-unt.</strong></span> <span class='ocrx_word' id='word_1_245' title='bbox 3158 1445 3349 1496; x_wconf 84' lang='lat' dir='ltr'><strong>Amen.</strong></span> 
     </span>
    </p>
   </div>
   <div class='ocr_carea' id='block_1_34' title="bbox 584 1653 3730 1686">
    <p class='ocr_par' dir='ltr' id='par_1_34' title="bbox 584 1653 3730 1686">
     <span class='ocr_line' id='line_1_35' title="bbox 584 1653 3730 1686; baseline 0.001 -4"><span class='ocrx_word' id='word_1_246' title='bbox 584 1653 3730 1686; x_wconf 46' lang='grc' dir='ltr'>Μ</span> 
     </span>
    </p>
   </div>
   <div class='ocr_carea' id='block_1_35' title="bbox 2009 1889 2389 1952">
    <p class='ocr_par' dir='ltr' id='par_1_35' title="bbox 2009 1889 2389 1952">
     <span class='ocr_line' id='line_1_36' title="bbox 2009 1889 2389 1952; baseline 0.005 -4"><span class='ocrx_word' id='word_1_247' title='bbox 2009 1889 2389 1952; x_wconf 78' lang='lat' dir='ltr'><strong>MONITUM</strong></span> 
     </span>
    </p>
   </div>
   <div class='ocr_carea' id='block_1_36' title="bbox 642 2049 3824 2125">
    <p class='ocr_par' dir='ltr' id='par_1_36' title="bbox 642 2049 3824 2125">
     <span class='ocr_line' id='line_1_37' title="bbox 642 2049 3824 2125; baseline 0.001 -22"><span class='ocrx_word' id='word_1_248' title='bbox 642 2049 761 2105; x_wconf 85' lang='lat' dir='ltr'><strong>Non</strong></span> <span class='ocrx_word' id='word_1_249' title='bbox 783 2051 922 2105; x_wconf 82' lang='lat' dir='ltr'><strong>lectu</strong></span> <span class='ocrx_word' id='word_1_250' title='bbox 956 2050 1174 2121; x_wconf 88' lang='lat' dir='ltr'><strong>indigna</strong></span> <span class='ocrx_word' id='word_1_251' title='bbox 1207 2060 1292 2106; x_wconf 85' lang='lat' dir='ltr'><strong>est</strong></span> <span class='ocrx_word' id='word_1_252' title='bbox 1316 2052 1428 2107; x_wconf 83' lang='lat' dir='ltr'><strong>haec</strong></span> <span class='ocrx_word' id='word_1_253' title='bbox 1457 2050 1702 2116; x_wconf 75' lang='lat' dir='ltr'><strong>homiia,</strong></span> <span class='ocrx_word' id='word_1_254' title='bbox 1747 2051 1871 2106; x_wconf 89' lang='lat' dir='ltr'><strong>licet</strong></span> <span class='ocrx_word' id='word_1_255' title='bbox 1899 2054 1968 2107; x_wconf 88' lang='lat' dir='ltr'><strong>ab</strong></span> <span class='ocrx_word' id='word_1_256' title='bbox 1996 2053 2220 2119; x_wconf 85' lang='lat' dir='ltr'><strong>Savilio,</strong></span> <span class='ocrx_word' id='word_1_257' title='bbox 2259 2053 2532 2108; x_wconf 73' lang='lat' dir='ltr'><strong>Frontone</strong></span> <span class='ocrx_word' id='word_1_258' title='bbox 2566 2051 2785 2119; x_wconf 64' lang='lat' dir='ltr'><strong>Ducmo,</strong></span> <span class='ocrx_word' id='word_1_259' title='bbox 2818 2052 3189 2117; x_wconf 63' lang='lat' dir='ltr'><strong>Tillt-montio,</strong></span> <span class='ocrx_word' id='word_1_260' title='bbox 3222 2054 3421 2123; x_wconf 81' lang='lat' dir='ltr'><strong>quibus</strong></span> <span class='ocrx_word' id='word_1_261' title='bbox 3449 2067 3547 2110; x_wconf 83' lang='lat' dir='ltr'><strong>nos</strong></span> <span class='ocrx_word' id='word_1_262' title='bbox 3571 2054 3824 2125; x_wconf 77' lang='lat' dir='ltr'><strong>adstipu-</strong></span> 
     </span>
    </p>
   </div>
   <div class='ocr_carea' id='block_1_37' title="bbox 573 2162 3826 2238">
    <p class='ocr_par' dir='ltr' id='par_1_37' title="bbox 573 2162 3826 2238">
     <span class='ocr_line' id='line_1_38' title="bbox 573 2162 3826 2238; baseline 0.001 -20"><span class='ocrx_word' id='word_1_263' title='bbox 573 2165 771 2226; x_wconf 90' lang='lat' dir='ltr'><strong>lamur,</strong></span> <span class='ocrx_word' id='word_1_264' title='bbox 794 2162 1184 2234; x_wconf 84' lang='lat' dir='ltr'><strong>Chrysostomo</strong></span> <span class='ocrx_word' id='word_1_265' title='bbox 1213 2164 1572 2235; x_wconf 80' lang='lat' dir='ltr'><strong>alijudicanda</strong></span> <span class='ocrx_word' id='word_1_266' title='bbox 1599 2176 1903 2221; x_wconf 84' lang='lat' dir='ltr'><strong>censeatur.</strong></span> <span class='ocrx_word' id='word_1_267' title='bbox 1935 2167 2117 2238; x_wconf 87' lang='lat' dir='ltr'><strong>Stylus</strong></span> <span class='ocrx_word' id='word_1_268' title='bbox 2158 2184 2262 2222; x_wconf 93' lang='lat' dir='ltr'><strong>non</strong></span> <span class='ocrx_word' id='word_1_269' title='bbox 2293 2167 2660 2221; x_wconf 87' lang='lat' dir='ltr'><strong>inventionem</strong></span> <span class='ocrx_word' id='word_1_270' title='bbox 2683 2167 2900 2237; x_wconf 84' lang='lat' dir='ltr'><strong>quidem</strong></span> <span class='ocrx_word' id='word_1_271' title='bbox 2942 2168 3090 2220; x_wconf 89' lang='lat' dir='ltr'><strong>illam</strong></span> <span class='ocrx_word' id='word_1_272' title='bbox 3132 2167 3508 2238; x_wconf 77' lang='lat' dir='ltr'><strong>Chrysostomi</strong></span> <span class='ocrx_word' id='word_1_273' title='bbox 3542 2167 3826 2237; x_wconf 67' lang='lat' dir='ltr'><strong>praeferet,</strong></span> 
     </span>
    </p>
   </div>
   <div class='ocr_carea' id='block_1_38' title="bbox 561 2278 3820 2350">
    <p class='ocr_par' dir='ltr' id='par_1_38' title="bbox 561 2278 3820 2350">
     <span class='ocr_line' id='line_1_39' title="bbox 561 2278 3820 2350; baseline 0 -17"><span class='ocrx_word' id='word_1_274' title='bbox 561 2295 679 2334; x_wconf 86' lang='lat' dir='ltr'><strong>.n0n</strong></span> <span class='ocrx_word' id='word_1_275' title='bbox 719 2278 1068 2349; x_wconf 81' lang='lat' dir='ltr'><strong>proﬂuentem</strong></span> <span class='ocrx_word' id='word_1_276' title='bbox 1092 2278 1284 2334; x_wconf 84' lang='lat' dir='ltr'><strong>orandi</strong></span> <span class='ocrx_word' id='word_1_277' title='bbox 1309 2279 1552 2344; x_wconf 87' lang='lat' dir='ltr'><strong>modum,</strong></span> <span class='ocrx_word' id='word_1_278' title='bbox 1578 2293 1686 2334; x_wconf 90' lang='lat' dir='ltr'><strong>non</strong></span> <span class='ocrx_word' id='word_1_279' title='bbox 1722 2279 2139 2334; x_wconf 82' lang='lat' dir='ltr'><strong>similitudinum</strong></span> <span class='ocrx_word' id='word_1_280' title='bbox 2175 2280 2553 2350; x_wconf 77' lang='lat' dir='ltr'><strong>frequentiam,</strong></span> <span class='ocrx_word' id='word_1_281' title='bbox 2582 2295 2689 2334; x_wconf 90' lang='lat' dir='ltr'><strong>non</strong></span> <span class='ocrx_word' id='word_1_282' title='bbox 2715 2281 3032 2350; x_wconf 86' lang='lat' dir='ltr'><strong>popularem</strong></span> <span class='ocrx_word' id='word_1_283' title='bbox 3065 2281 3370 2335; x_wconf 82' lang='lat' dir='ltr'><strong>doctrinam</strong></span> <span class='ocrx_word' id='word_1_284' title='bbox 3409 2298 3422 2334; x_wconf 93' lang='lat'><strong>:</strong></span> <span class='ocrx_word' id='word_1_285' title='bbox 3458 2281 3591 2334; x_wconf 91' lang='lat' dir='ltr'><strong>nihil</strong></span> <span class='ocrx_word' id='word_1_286' title='bbox 3629 2289 3820 2335; x_wconf 83' lang='lat' dir='ltr'><strong>tamen</strong></span> 
     </span>
    </p>
   </div>
   <div class='ocr_carea' id='block_1_39' title="bbox 572 2392 3824 2465">
    <p class='ocr_par' dir='ltr' id='par_1_39' title="bbox 572 2392 3824 2465">
     <span class='ocr_line' id='line_1_40' title="bbox 572 2392 3824 2465; baseline 0 -16"><span class='ocrx_word' id='word_1_287' title='bbox 572 2396 662 2449; x_wconf 89' lang='lat' dir='ltr'><strong>hic</strong></span> <span class='ocrx_word' id='word_1_288' title='bbox 696 2393 924 2449; x_wconf 85' lang='lat' dir='ltr'><strong>habetur</strong></span> <span class='ocrx_word' id='word_1_289' title='bbox 950 2407 980 2446; x_wconf 90' lang='lat' dir='ltr'><strong>a</strong></span> <span class='ocrx_word' id='word_1_290' title='bbox 1006 2394 1187 2463; x_wconf 89' lang='lat' dir='ltr'><strong>sagaci</strong></span> <span class='ocrx_word' id='word_1_291' title='bbox 1213 2393 1479 2462; x_wconf 85' lang='lat' dir='ltr'><strong>scriptore</strong></span> <span class='ocrx_word' id='word_1_292' title='bbox 1509 2393 1773 2449; x_wconf 91' lang='lat' dir='ltr'><strong>alienum.</strong></span> <span class='ocrx_word' id='word_1_293' title='bbox 1823 2393 1972 2448; x_wconf 88' lang='lat' dir='ltr'><strong>Licet</strong></span> <span class='ocrx_word' id='word_1_294' title='bbox 2002 2403 2183 2448; x_wconf 89' lang='lat' dir='ltr'><strong>autem</strong></span> <span class='ocrx_word' id='word_1_295' title='bbox 2244 2392 2531 2462; x_wconf 89' lang='lat' dir='ltr'><strong>inscriptio</strong></span> <span class='ocrx_word' id='word_1_296' title='bbox 2551 2407 2772 2448; x_wconf 81' lang='lat' dir='ltr'><strong>censum</strong></span> <span class='ocrx_word' id='word_1_297' title='bbox 2814 2402 2869 2447; x_wconf 90' lang='lat' dir='ltr'><strong>et</strong></span> <span class='ocrx_word' id='word_1_298' title='bbox 2896 2393 3319 2462; x_wconf 87' lang='lat' dir='ltr'><strong>descriptionem</strong></span> <span class='ocrx_word' id='word_1_299' title='bbox 3353 2393 3596 2463; x_wconf 67' lang='lat' dir='ltr'><strong>Deipara:</strong></span> <span class='ocrx_word' id='word_1_300' title='bbox 3622 2396 3824 2465; x_wconf 71' lang='lat' dir='ltr'><strong>pmic-</strong></span> 
     </span>
    </p>
   </div>
   <div class='ocr_carea' id='block_1_40' title="bbox 1681 2729 2695 2813">
    <p class='ocr_par' dir='ltr' id='par_1_40' title="bbox 1681 2729 2695 2813">
     <span class='ocr_line' id='line_1_41' title="bbox 1681 2729 2695 2813; baseline -0.004 -12"><span class='ocrx_word' id='word_1_301' title='bbox 1681 2732 2147 2803; x_wconf 83' lang='lat' dir='ltr'><strong>HOMILIA</strong></span> <span class='ocrx_word' id='word_1_302' title='bbox 2197 2729 2308 2800; x_wconf 84' lang='lat' dir='ltr'><strong>IN</strong></span> <span class='ocrx_word' id='word_1_303' title='bbox 2355 2730 2695 2813; x_wconf 88' lang='lat' dir='ltr'><strong>ILLUD,</strong></span> 
     </span>
    </p>
   </div>
   <div class='ocr_carea' id='block_1_41' title="bbox 714 2840 2141 2939">
    <p class='ocr_par' dir='ltr' id='par_1_41' title="bbox 714 2860 2141 2939">
     <span class='ocr_line' id='line_1_42' title="bbox 714 2860 2141 2939; baseline 0.001 -22"><span class='ocrx_word' id='word_1_304' title='bbox 714 2874 890 2918; x_wconf 80' lang='lat' dir='ltr'><strong>un&#39;r</strong></span> <span class='ocrx_word' id='word_1_305' title='bbox 929 2877 1212 2921; x_wconf 75' lang='lat' dir='ltr'><strong>EDICTUM</strong></span> <span class='ocrx_word' id='word_1_306' title='bbox 1257 2880 1294 2921; x_wconf 76' lang='grc' dir='ltr'><strong>Α</strong></span> <span class='ocrx_word' id='word_1_307' title='bbox 1338 2878 1589 2922; x_wconf 64' lang='lat' dir='ltr'><strong>omne</strong></span> <span class='ocrx_word' id='word_1_308' title='bbox 1633 2877 1918 2920; x_wconf 62' lang='lat' dir='ltr'><strong>sucusro</strong></span> <span class='ocrx_word' id='word_1_309' title='bbox 1955 2860 2141 2939; x_wconf 81' lang='lat' dir='ltr'><strong>(Luc.</strong></span> 
     </span>
    </p>
   </div>
   <div class='ocr_carea' id='block_1_42' title="bbox 2248 2840 3686 2939">
    <p class='ocr_par' dir='ltr' id='par_1_42' title="bbox 2273 2840 3686 2938">
     <span class='ocr_line' id='line_1_43' title="bbox 2273 2840 3686 2938; baseline 0 -18"><span class='ocrx_word' id='word_1_310' title='bbox 2273 2861 2300 2920; x_wconf 86' lang='grc'><strong>1</strong></span> <span class='ocrx_word' id='word_1_311' title='bbox 2340 2860 2357 2938; x_wconf 96' lang='grc'>)</span> <span class='ocrx_word' id='word_1_312' title='bbox 2392 2881 2407 2931; x_wconf 90' lang='lat'><strong>;</strong></span> <span class='ocrx_word' id='word_1_313' title='bbox 2454 2878 2536 2920; x_wconf 81' lang='grc' dir='ltr'>ΕΤ</span> <span class='ocrx_word' id='word_1_314' title='bbox 2579 2877 2643 2919; x_wconf 78' lang='lat' dir='ltr'><strong>11v</strong></span> <span class='ocrx_word' id='word_1_315' title='bbox 2671 2840 3192 2920; x_wconf 63' lang='grc' dir='ltr'><strong>’Βεεςιιιντιοκειι</strong></span> <span class='ocrx_word' id='word_1_316' title='bbox 3235 2877 3526 2919; x_wconf 61' lang='lat' dir='ltr'><strong>nemine</strong></span> <span class='ocrx_word' id='word_1_317' title='bbox 3575 2860 3686 2938; x_wconf 92' lang='lat' dir='ltr'><strong>(a).</strong></span> 
     </span>
    </p>
   </div>
   <div class='ocr_carea' id='block_1_43' title="bbox 1982 2990 2403 3035">
    <p class='ocr_par' dir='ltr' id='par_1_43' title="bbox 1982 2990 2403 3035">
     <span class='ocr_line' id='line_1_44' title="bbox 1982 2990 2403 3035; baseline 0 -7"><span class='ocrx_word' id='word_1_318' title='bbox 1982 2990 2403 3035; x_wconf 60' lang='lat' dir='ltr'><em>W</em></span> 
     </span>
    </p>
   </div>
   <div class='ocr_carea' id='block_1_44' title="bbox 642 3080 2140 3140">
    <p class='ocr_par' dir='ltr' id='par_1_44' title="bbox 642 3080 2140 3140">
     <span class='ocr_line' id='line_1_45' title="bbox 642 3080 2140 3140; baseline -0.005 -1"><span class='ocrx_word' id='word_1_319' title='bbox 642 3086 694 3140; x_wconf 81' lang='lat' dir='ltr'><strong>l.</strong></span> <span class='ocrx_word' id='word_1_320' title='bbox 734 3083 866 3139; x_wconf 91' lang='lat' dir='ltr'><strong>Cum</strong></span> <span class='ocrx_word' id='word_1_321' title='bbox 904 3083 1198 3136; x_wconf 86' lang='lat' dir='ltr'><strong>communis</strong></span> <span class='ocrx_word' id='word_1_322' title='bbox 1219 3081 1451 3135; x_wconf 85' lang='lat' dir='ltr'><strong>omnium</strong></span> <span class='ocrx_word' id='word_1_323' title='bbox 1477 3088 1717 3135; x_wconf 80' lang='lat' dir='ltr'><strong>nestrum</strong></span> <span class='ocrx_word' id='word_1_324' title='bbox 1749 3080 2006 3137; x_wconf 86' lang='lat' dir='ltr'><strong>Servator</strong></span> <span class='ocrx_word' id='word_1_325' title='bbox 2043 3094 2140 3132; x_wconf 81' lang='lat' dir='ltr'><strong>na-</strong></span> 
     </span>
    </p>
   </div>
   <div class='ocr_carea' id='block_1_45' title="bbox 569 3151 2138 3219">
    <p class='ocr_par' dir='ltr' id='par_1_45' title="bbox 569 3151 2138 3219">
     <span class='ocr_line' id='line_1_46' title="bbox 569 3151 2138 3219; baseline -0.004 -10"><span class='ocrx_word' id='word_1_326' title='bbox 569 3156 800 3210; x_wconf 81' lang='lat' dir='ltr'><strong>sciturus</strong></span> <span class='ocrx_word' id='word_1_327' title='bbox 828 3164 928 3214; x_wconf 86' lang='lat' dir='ltr'><strong>est,</strong></span> <span class='ocrx_word' id='word_1_328' title='bbox 962 3151 1304 3208; x_wconf 74' lang='lat' dir='ltr'><strong>dilectissimi.</strong></span> <span class='ocrx_word' id='word_1_329' title='bbox 1338 3167 1367 3204; x_wconf 89' lang='lat' dir='ltr'><strong>a</strong></span> <span class='ocrx_word' id='word_1_330' title='bbox 1397 3151 1605 3206; x_wconf 63' lang='lat' dir='ltr'><strong>Caesare</strong></span> <span class='ocrx_word' id='word_1_331' title='bbox 1630 3152 1867 3219; x_wconf 81' lang='lat' dir='ltr'><strong>Augusto</strong></span> <span class='ocrx_word' id='word_1_332' title='bbox 1893 3151 1944 3203; x_wconf 90' lang='lat' dir='ltr'><strong>in</strong></span> <span class='ocrx_word' id='word_1_333' title='bbox 1970 3159 2138 3203; x_wconf 90' lang='lat' dir='ltr'><strong>totum</strong></span> 
     </span>
    </p>
   </div>
   <div class='ocr_carea' id='block_1_46' title="bbox 567 3219 2145 3289">
    <p class='ocr_par' dir='ltr' id='par_1_46' title="bbox 567 3219 2145 3289">
     <span class='ocr_line' id='line_1_47' title="bbox 567 3219 2145 3289; baseline -0.004 -9"><span class='ocrx_word' id='word_1_334' title='bbox 567 3226 752 3280; x_wconf 85' lang='lat' dir='ltr'><strong>orbem</strong></span> <span class='ocrx_word' id='word_1_335' title='bbox 797 3233 1054 3276; x_wconf 88' lang='lat' dir='ltr'><strong>terrarum</strong></span> <span class='ocrx_word' id='word_1_336' title='bbox 1097 3221 1392 3275; x_wconf 76' lang='lat' dir='ltr'><strong>universale</strong></span> <span class='ocrx_word' id='word_1_337' title='bbox 1416 3223 1525 3274; x_wconf 81' lang='lat' dir='ltr'><strong>exit</strong></span> <span class='ocrx_word' id='word_1_338' title='bbox 1551 3220 1803 3275; x_wconf 91' lang='lat' dir='ltr'><strong>edictum.</strong></span> <span class='ocrx_word' id='word_1_339' title='bbox 1837 3219 1967 3289; x_wconf 83' lang='lat' dir='ltr'><strong>Nam</strong></span> <span class='ocrx_word' id='word_1_340' title='bbox 2011 3234 2145 3289; x_wconf 91' lang='lat' dir='ltr'><strong>quo-</strong></span> 
     </span>
    </p>
   </div>
   <div class='ocr_carea' id='block_1_47' title="bbox 571 3288 2141 3361">
    <p class='ocr_par' dir='ltr' id='par_1_47' title="bbox 571 3288 2141 3361">
     <span class='ocr_line' id='line_1_48' title="bbox 571 3288 2141 3361; baseline -0.004 -13"><span class='ocrx_word' id='word_1_341' title='bbox 571 3295 715 3349; x_wconf 84' lang='lat' dir='ltr'><strong>niam</strong></span> <span class='ocrx_word' id='word_1_342' title='bbox 743 3292 1052 3346; x_wconf 89' lang='lat' dir='ltr'><strong>universalis</strong></span> <span class='ocrx_word' id='word_1_343' title='bbox 1075 3291 1242 3361; x_wconf 88' lang='lat' dir='ltr'><strong>gratia</strong></span> <span class='ocrx_word' id='word_1_344' title='bbox 1271 3290 1509 3359; x_wconf 64' lang='lat' dir='ltr'><strong>quaedam</strong></span> <span class='ocrx_word' id='word_1_345' title='bbox 1537 3291 1631 3344; x_wconf 91' lang='lat' dir='ltr'><strong>toti</strong></span> <span class='ocrx_word' id='word_1_346' title='bbox 1660 3289 1863 3361; x_wconf 85' lang='lat' dir='ltr'><strong>mundo</strong></span> <span class='ocrx_word' id='word_1_347' title='bbox 1889 3288 2141 3343; x_wconf 79' lang='lat' dir='ltr'><strong>aﬂ&#39;ulsura</strong></span> 
     </span>
    </p>
   </div>
   <div class='ocr_carea' id='block_1_48' title="bbox 570 3360 2142 3430">
    <p class='ocr_par' dir='ltr' id='par_1_48' title="bbox 570 3360 2142 3430">
     <span class='ocr_line' id='line_1_49' title="bbox 570 3360 2142 3430; baseline -0.005 -10"><span class='ocrx_word' id='word_1_348' title='bbox 570 3371 710 3426; x_wconf 87' lang='lat' dir='ltr'><strong>erat,</strong></span> <span class='ocrx_word' id='word_1_349' title='bbox 752 3378 813 3417; x_wconf 82' lang='lat' dir='ltr'><strong>ea</strong></span> <span class='ocrx_word' id='word_1_350' title='bbox 841 3377 958 3429; x_wconf 76' lang='lat' dir='ltr'><strong>quze</strong></span> <span class='ocrx_word' id='word_1_351' title='bbox 984 3360 1106 3414; x_wconf 89' lang='lat' dir='ltr'><strong>sunt</strong></span> <span class='ocrx_word' id='word_1_352' title='bbox 1129 3360 1431 3430; x_wconf 61' lang='lat' dir='ltr'><strong>reipublicae</strong></span> <span class='ocrx_word' id='word_1_353' title='bbox 1457 3375 1574 3414; x_wconf 90' lang='lat' dir='ltr'><strong>cum</strong></span> <span class='ocrx_word' id='word_1_354' title='bbox 1602 3360 1858 3430; x_wconf 87' lang='lat' dir='ltr'><strong>religione</strong></span> <span class='ocrx_word' id='word_1_355' title='bbox 1883 3361 2142 3430; x_wconf 87' lang='lat' dir='ltr'><strong>quodam-</strong></span> 
     </span>
    </p>
   </div>
   <div class='ocr_carea' id='block_1_49' title="bbox 572 3431 2140 3494">
    <p class='ocr_par' dir='ltr' id='par_1_49' title="bbox 572 3431 2140 3494">
     <span class='ocr_line' id='line_1_50' title="bbox 572 3431 2140 3494; baseline -0.004 -6"><span class='ocrx_word' id='word_1_356' title='bbox 572 3432 734 3488; x_wconf 90' lang='lat' dir='ltr'><strong>modo</strong></span> <span class='ocrx_word' id='word_1_357' title='bbox 757 3439 1160 3492; x_wconf 85' lang='lat' dir='ltr'><strong>connectuntur.</strong></span> <span class='ocrx_word' id='word_1_358' title='bbox 1182 3442 1236 3486; x_wconf 92' lang='lat' dir='ltr'><strong>et</strong></span> <span class='ocrx_word' id='word_1_359' title='bbox 1265 3431 1318 3484; x_wconf 92' lang='lat' dir='ltr'><strong>in</strong></span> <span class='ocrx_word' id='word_1_360' title='bbox 1345 3431 1646 3485; x_wconf 90' lang='lat' dir='ltr'><strong>universum</strong></span> <span class='ocrx_word' id='word_1_361' title='bbox 1675 3431 1859 3494; x_wconf 83' lang='lat' dir='ltr'><strong>orbem</strong></span> <span class='ocrx_word' id='word_1_362' title='bbox 1891 3431 1948 3483; x_wconf 81' lang='lat' dir='ltr'><strong>fit</strong></span> <span class='ocrx_word' id='word_1_363' title='bbox 1978 3443 2140 3484; x_wconf 89' lang='lat' dir='ltr'><strong>unum</strong></span> 
     </span>
    </p>
   </div>
   <div class='ocr_carea' id='block_1_50' title="bbox 568 3499 2142 3581">
    <p class='ocr_par' dir='ltr' id='par_1_50' title="bbox 568 3499 2142 3581">
     <span class='ocr_line' id='line_1_51' title="bbox 568 3499 2142 3581; baseline -0.003 -23"><span class='ocrx_word' id='word_1_364' title='bbox 568 3504 845 3581; x_wconf 70' lang='lat' dir='ltr'><strong>decretum</strong></span> <span class='ocrx_word' id='word_1_365' title='bbox 875 3501 1158 3581; x_wconf 77' lang='lat' dir='ltr'><strong>Servatore</strong></span> <span class='ocrx_word' id='word_1_366' title='bbox 1181 3509 1450 3581; x_wconf 66' lang='lat' dir='ltr'><strong>nascente.</strong></span> <span class='ocrx_word' id='word_1_367' title='bbox 1485 3501 1624 3581; x_wconf 72' lang='lat' dir='ltr'><strong>Exiit</strong></span> <span class='ocrx_word' id='word_1_368' title='bbox 1651 3501 1811 3581; x_wconf 84' lang='lat' dir='ltr'><strong>igitur</strong></span> <span class='ocrx_word' id='word_1_369' title='bbox 1852 3499 2142 3581; x_wconf 56' lang='lat' dir='ltr'><strong>edictuma</strong></span> 
     </span>
    </p>
   </div>
   <div class='ocr_carea' id='block_1_51' title="bbox 570 3569 2144 3642">
    <p class='ocr_par' dir='ltr' id='par_1_51' title="bbox 570 3569 2144 3642">
     <span class='ocr_line' id='line_1_52' title="bbox 570 3569 2144 3642; baseline -0.004 -13"><span class='ocrx_word' id='word_1_370' title='bbox 570 3575 784 3629; x_wconf 73' lang='lat' dir='ltr'><strong>Caesare</strong></span> <span class='ocrx_word' id='word_1_371' title='bbox 813 3572 1071 3642; x_wconf 75' lang='lat' dir='ltr'><strong>Augusto,</strong></span> <span class='ocrx_word' id='word_1_372' title='bbox 1095 3580 1151 3624; x_wconf 91' lang='lat' dir='ltr'><strong>ut</strong></span> <span class='ocrx_word' id='word_1_373' title='bbox 1178 3571 1570 3642; x_wconf 88' lang='lat' dir='ltr'><strong>describerctur</strong></span> <span class='ocrx_word' id='word_1_374' title='bbox 1595 3569 1875 3625; x_wconf 87' lang='lat' dir='ltr'><strong>universus</strong></span> <span class='ocrx_word' id='word_1_375' title='bbox 1891 3570 2068 3642; x_wconf 69' lang='lat' dir='ltr'><strong>orbis,</strong></span> <span class='ocrx_word' id='word_1_376' title='bbox 2090 3569 2144 3623; x_wconf 91' lang='lat' dir='ltr'><strong>in</strong></span> 
     </span>
    </p>
   </div>
   <div class='ocr_carea' id='block_1_52' title="bbox 569 3638 2140 3714">
    <p class='ocr_par' dir='ltr' id='par_1_52' title="bbox 569 3638 2140 3714">
     <span class='ocr_line' id='line_1_53' title="bbox 569 3638 2140 3714; baseline -0.002 -16"><span class='ocrx_word' id='word_1_377' title='bbox 569 3638 1010 3714; x_wconf 66' lang='lat' dir='ltr'><strong>pnrparationem</strong></span> <span class='ocrx_word' id='word_1_378' title='bbox 1059 3641 1368 3714; x_wconf 70' lang='lat' dir='ltr'><strong>cuneordia3_</strong></span> <span class='ocrx_word' id='word_1_379' title='bbox 1410 3649 1805 3710; x_wconf 86' lang='lat' dir='ltr'><strong>concentusque</strong></span> <span class='ocrx_word' id='word_1_380' title='bbox 1829 3638 2102 3714; x_wconf 82' lang='lat' dir='ltr'><strong>religionis</strong></span> <span class='ocrx_word' id='word_1_381' title='bbox 2123 3679 2140 3706; x_wconf 89' lang='lat'><strong>,</strong></span> 
     </span>
    </p>
   </div>
   <div class='ocr_carea' id='block_1_53' title="bbox 570 3710 2140 3782">
    <p class='ocr_par' dir='ltr' id='par_1_53' title="bbox 570 3710 2140 3782">
     <span class='ocr_line' id='line_1_54' title="bbox 570 3710 2140 3782; baseline -0.003 -14"><span class='ocrx_word' id='word_1_382' title='bbox 570 3710 907 3782; x_wconf 71' lang='lat' dir='ltr'><strong>utEvangelii</strong></span> <span class='ocrx_word' id='word_1_383' title='bbox 936 3711 1300 3782; x_wconf 71' lang='lat' dir='ltr'><strong>prtedicationi</strong></span> <span class='ocrx_word' id='word_1_384' title='bbox 1324 3711 1402 3764; x_wconf 86' lang='lat' dir='ltr'><strong>via</strong></span> <span class='ocrx_word' id='word_1_385' title='bbox 1429 3719 1795 3782; x_wconf 66' lang='lat' dir='ltr'><strong>sterneretur,</strong></span> <span class='ocrx_word' id='word_1_386' title='bbox 1816 3720 1871 3764; x_wconf 90' lang='lat' dir='ltr'><strong>ut</strong></span> <span class='ocrx_word' id='word_1_387' title='bbox 1899 3711 2000 3764; x_wconf 89' lang='lat' dir='ltr'><strong>iter</strong></span> <span class='ocrx_word' id='word_1_388' title='bbox 2039 3710 2140 3764; x_wconf 92' lang='lat' dir='ltr'><strong>do-</strong></span> 
     </span>
    </p>
   </div>
   <div class='ocr_carea' id='block_1_54' title="bbox 573 3780 2143 3850">
    <p class='ocr_par' dir='ltr' id='par_1_54' title="bbox 573 3780 2143 3850">
     <span class='ocr_line' id='line_1_55' title="bbox 573 3780 2143 3850; baseline -0.003 -14"><span class='ocrx_word' id='word_1_389' title='bbox 573 3791 760 3836; x_wconf 72' lang='lat' dir='ltr'><strong>etrtnte</strong></span> <span class='ocrx_word' id='word_1_390' title='bbox 786 3780 1190 3850; x_wconf 73' lang='lat' dir='ltr'><strong>prmpararetur.</strong></span> <span class='ocrx_word' id='word_1_391' title='bbox 1219 3781 1372 3835; x_wconf 88' lang='lat' dir='ltr'><strong>Prius</strong></span> <span class='ocrx_word' id='word_1_392' title='bbox 1399 3780 1610 3850; x_wconf 89' lang='lat' dir='ltr'><strong>quidem</strong></span> <span class='ocrx_word' id='word_1_393' title='bbox 1649 3780 1800 3835; x_wconf 90' lang='lat' dir='ltr'><strong>multi</strong></span> <span class='ocrx_word' id='word_1_394' title='bbox 1822 3789 1973 3835; x_wconf 85' lang='lat' dir='ltr'><strong>erant</strong></span> <span class='ocrx_word' id='word_1_395' title='bbox 1993 3783 2143 3850; x_wconf 51' lang='lat' dir='ltr'><strong>prine</strong></span> 
     </span>
    </p>
   </div>
   <div class='ocr_carea' id='block_1_55' title="bbox 572 3849 2143 3921">
    <p class='ocr_par' dir='ltr' id='par_1_55' title="bbox 572 3849 2143 3921">
     <span class='ocr_line' id='line_1_56' title="bbox 572 3849 2143 3921; baseline -0.002 -14"><span class='ocrx_word' id='word_1_396' title='bbox 572 3849 1054 3921; x_wconf 34' lang='lat' dir='ltr'><strong>cipatus’,.quando</strong></span> <span class='ocrx_word' id='word_1_397' title='bbox 1080 3849 1304 3921; x_wconf 62' lang='lat' dir='ltr'><strong>Gestaris</strong></span> <span class='ocrx_word' id='word_1_398' title='bbox 1349 3849 1452 3904; x_wconf 90' lang='lat' dir='ltr'><strong>non</strong></span> <span class='ocrx_word' id='word_1_399' title='bbox 1481 3861 1598 3906; x_wconf 89' lang='lat' dir='ltr'><strong>erat</strong></span> <span class='ocrx_word' id='word_1_400' title='bbox 1625 3850 1856 3905; x_wconf 85' lang='lat' dir='ltr'><strong>edictum</strong></span> <span class='ocrx_word' id='word_1_401' title='bbox 1886 3849 2143 3918; x_wconf 61' lang='lat' dir='ltr'><strong>praeconii</strong></span> 
     </span>
    </p>
   </div>
   <div class='ocr_carea' id='block_1_56' title="bbox 578 3919 2142 3992">
    <p class='ocr_par' dir='ltr' id='par_1_56' title="bbox 578 3919 2142 3992">
     <span class='ocr_line' id='line_1_57' title="bbox 578 3919 2142 3992; baseline -0.001 -16"><span class='ocrx_word' id='word_1_402' title='bbox 578 3919 816 3992; x_wconf 81' lang='lat' dir='ltr'><strong>ejusdem</strong></span> <span class='ocrx_word' id='word_1_403' title='bbox 848 3919 1194 3984; x_wconf 86' lang='lat' dir='ltr'><strong>universalis;</strong></span> <span class='ocrx_word' id='word_1_404' title='bbox 1226 3928 1505 3992; x_wconf 81' lang='lat' dir='ltr'><strong>postquam</strong></span> <span class='ocrx_word' id='word_1_405' title='bbox 1534 3930 1709 3975; x_wconf 86' lang='lat' dir='ltr'><strong>autem</strong></span> <span class='ocrx_word' id='word_1_406' title='bbox 1727 3936 1823 3992; x_wconf 83' lang='lat' dir='ltr'><strong>per</strong></span> <span class='ocrx_word' id='word_1_407' title='bbox 1838 3921 2142 3992; x_wconf 83' lang='lat' dir='ltr'><strong>universum</strong></span> 
     </span>
    </p>
   </div>
   <div class='ocr_carea' id='block_1_57' title="bbox 570 3989 2145 4059">
    <p class='ocr_par' dir='ltr' id='par_1_57' title="bbox 570 3989 2145 4059">
     <span class='ocr_line' id='line_1_58' title="bbox 570 3989 2145 4059; baseline -0.001 -13"><span class='ocrx_word' id='word_1_408' title='bbox 570 3989 832 4046; x_wconf 74' lang='lat' dir='ltr'><strong>terrarum</strong></span> <span class='ocrx_word' id='word_1_409' title='bbox 858 3992 1040 4044; x_wconf 89' lang='lat' dir='ltr'><strong>orbem</strong></span> <span class='ocrx_word' id='word_1_410' title='bbox 1067 3989 1570 4059; x_wconf 86' lang='lat' dir='ltr'><strong>communiquodam</strong></span> <span class='ocrx_word' id='word_1_411' title='bbox 1591 3991 1856 4059; x_wconf 62' lang='lat' dir='ltr'><strong>praeconio</strong></span> <span class='ocrx_word' id='word_1_412' title='bbox 1877 3989 2145 4058; x_wconf 84' lang='lat' dir='ltr'><strong>religionis</strong></span> 
     </span>
    </p>
   </div>
   <div class='ocr_carea' id='block_1_58' title="bbox 579 4059 2144 4132">
    <p class='ocr_par' dir='ltr' id='par_1_58' title="bbox 579 4059 2144 4132">
     <span class='ocr_line' id='line_1_59' title="bbox 579 4059 2144 4132; baseline -0.004 -16"><span class='ocrx_word' id='word_1_413' title='bbox 579 4062 712 4118; x_wconf 88' lang='lat' dir='ltr'><strong>lides</strong></span> <span class='ocrx_word' id='word_1_414' title='bbox 731 4059 1067 4132; x_wconf 80' lang='lat' dir='ltr'><strong>prepaganda</strong></span> <span class='ocrx_word' id='word_1_415' title='bbox 1097 4059 1213 4125; x_wconf 78' lang='lat' dir='ltr'><strong>fuit,</strong></span> <span class='ocrx_word' id='word_1_416' title='bbox 1246 4068 1353 4112; x_wconf 89' lang='lat' dir='ltr'><strong>tum</strong></span> <span class='ocrx_word' id='word_1_417' title='bbox 1385 4060 1680 4132; x_wconf 77' lang='lat' dir='ltr'><strong>universus</strong></span> <span class='ocrx_word' id='word_1_418' title='bbox 1706 4060 1850 4113; x_wconf 90' lang='lat' dir='ltr'><strong>orbis</strong></span> <span class='ocrx_word' id='word_1_419' title='bbox 1897 4060 1996 4114; x_wconf 89' lang='lat' dir='ltr'><strong>sub</strong></span> <span class='ocrx_word' id='word_1_420' title='bbox 2041 4074 2144 4132; x_wconf 81' lang='lat' dir='ltr'><strong>una</strong></span> 
     </span>
    </p>
   </div>
   <div class='ocr_carea' id='block_1_59' title="bbox 576 4129 2144 4197">
    <p class='ocr_par' dir='ltr' id='par_1_59' title="bbox 576 4129 2144 4197">
     <span class='ocr_line' id='line_1_60' title="bbox 576 4129 2144 4197; baseline -0.002 -12"><span class='ocrx_word' id='word_1_421' title='bbox 576 4129 780 4188; x_wconf 68' lang='lat' dir='ltr'><strong>tessera</strong></span> <span class='ocrx_word' id='word_1_422' title='bbox 806 4130 1082 4197; x_wconf 85' lang='lat' dir='ltr'><strong>copulatur</strong></span> <span class='ocrx_word' id='word_1_423' title='bbox 1105 4145 1121 4182; x_wconf 91' lang='lat'><strong>:</strong></span> <span class='ocrx_word' id='word_1_424' title='bbox 1155 4142 1325 4195; x_wconf 90' lang='lat' dir='ltr'><strong>neque</strong></span> <span class='ocrx_word' id='word_1_425' title='bbox 1346 4138 1544 4183; x_wconf 87' lang='lat' dir='ltr'><strong>tantum</strong></span> <span class='ocrx_word' id='word_1_426' title='bbox 1565 4129 1712 4183; x_wconf 88' lang='lat' dir='ltr'><strong>orbis</strong></span> <span class='ocrx_word' id='word_1_427' title='bbox 1740 4138 2026 4194; x_wconf 86' lang='lat' dir='ltr'><strong>terrarum,</strong></span> <span class='ocrx_word' id='word_1_428' title='bbox 2049 4129 2144 4184; x_wconf 85' lang='lat' dir='ltr'><strong>sed</strong></span> 
     </span>
    </p>
   </div>
   <div class='ocr_carea' id='block_1_60' title="bbox 527 4197 2144 4267">
    <p class='ocr_par' dir='ltr' id='par_1_60' title="bbox 527 4197 2144 4267">
     <span class='ocr_line' id='line_1_61' title="bbox 527 4197 2144 4267; baseline -0.002 -10"><span class='ocrx_word' id='word_1_429' title='bbox 527 4205 542 4217; x_wconf 89' lang='lat'><strong>&#39;</strong></span> <span class='ocrx_word' id='word_1_430' title='bbox 573 4210 631 4257; x_wconf 89' lang='lat' dir='ltr'><strong>et</strong></span> <span class='ocrx_word' id='word_1_431' title='bbox 656 4200 957 4256; x_wconf 67' lang='lat' dir='ltr'><strong>caelestibus</strong></span> <span class='ocrx_word' id='word_1_432' title='bbox 981 4208 1192 4253; x_wconf 89' lang='lat' dir='ltr'><strong>terrena</strong></span> <span class='ocrx_word' id='word_1_433' title='bbox 1216 4197 1532 4267; x_wconf 84' lang='lat' dir='ltr'><strong>junguntur,</strong></span> <span class='ocrx_word' id='word_1_434' title='bbox 1563 4208 1617 4253; x_wconf 91' lang='lat' dir='ltr'><strong>et</strong></span> <span class='ocrx_word' id='word_1_435' title='bbox 1645 4214 1836 4267; x_wconf 86' lang='lat' dir='ltr'><strong>magno</strong></span> <span class='ocrx_word' id='word_1_436' title='bbox 1866 4198 2144 4253; x_wconf 87' lang='lat' dir='ltr'><strong>hominum</strong></span> 
     </span>
    </p>
   </div>
   <div class='ocr_carea' id='block_1_61' title="bbox 577 4267 2144 4352">
    <p class='ocr_par' dir='ltr' id='par_1_61' title="bbox 577 4267 2144 4352">
     <span class='ocr_line' id='line_1_62' title="bbox 577 4267 2144 4352; baseline -0.001 -28"><span class='ocrx_word' id='word_1_437' title='bbox 577 4269 860 4352; x_wconf 74' lang='lat' dir='ltr'><strong>commodo</strong></span> <span class='ocrx_word' id='word_1_438' title='bbox 882 4269 1048 4352; x_wconf 80' lang='lat' dir='ltr'><strong>pietas</strong></span> <span class='ocrx_word' id='word_1_439' title='bbox 1073 4267 1250 4352; x_wconf 49' lang='lat' dir='ltr'><strong>acIDei</strong></span> <span class='ocrx_word' id='word_1_440' title='bbox 1277 4269 1450 4352; x_wconf 53' lang='lat' dir='ltr'><strong>cui-tus</strong></span> <span class='ocrx_word' id='word_1_441' title='bbox 1481 4269 1794 4352; x_wconf 65' lang='lat' dir='ltr'><strong>publicator,</strong></span> <span class='ocrx_word' id='word_1_442' title='bbox 1847 4278 1904 4352; x_wconf 77' lang='lat' dir='ltr'><strong>ut</strong></span> <span class='ocrx_word' id='word_1_443' title='bbox 1946 4269 2144 4352; x_wconf 90' lang='lat' dir='ltr'><strong>nemini</strong></span> 
     </span>
    </p>
   </div>
   <div class='ocr_carea' id='block_1_62' title="bbox 577 4337 2141 4409">
    <p class='ocr_par' dir='ltr' id='par_1_62' title="bbox 577 4337 2141 4409">
     <span class='ocr_line' id='line_1_63' title="bbox 577 4337 2141 4409; baseline -0.001 -15"><span class='ocrx_word' id='word_1_444' title='bbox 577 4340 760 4395; x_wconf 88' lang='lat' dir='ltr'><strong>divina</strong></span> <span class='ocrx_word' id='word_1_445' title='bbox 784 4337 982 4409; x_wconf 72' lang='lat' dir='ltr'><strong>veritas</strong></span> <span class='ocrx_word' id='word_1_446' title='bbox 1004 4337 1332 4409; x_wconf 66' lang='lat' dir='ltr'><strong>occultetur.</strong></span> <span class='ocrx_word' id='word_1_447' title='bbox 1355 4337 1584 4408; x_wconf 86' lang='lat' dir='ltr'><strong>Imperat</strong></span> <span class='ocrx_word' id='word_1_448' title='bbox 1606 4337 1786 4394; x_wconf 73' lang='lat' dir='ltr'><strong>Caesar</strong></span> <span class='ocrx_word' id='word_1_449' title='bbox 1836 4341 2103 4409; x_wconf 78' lang='lat' dir='ltr'><strong>Augustus</strong></span> <span class='ocrx_word' id='word_1_450' title='bbox 2124 4381 2141 4404; x_wconf 96' lang='lat'><strong>,</strong></span> 
     </span>
    </p>
   </div>
   <div class='ocr_carea' id='block_1_63' title="bbox 581 4406 2144 4481">
    <p class='ocr_par' dir='ltr' id='par_1_63' title="bbox 581 4406 2144 4481">
     <span class='ocr_line' id='line_1_64' title="bbox 581 4406 2144 4481; baseline -0.001 -17"><span class='ocrx_word' id='word_1_451' title='bbox 581 4419 638 4481; x_wconf 73' lang='lat' dir='ltr'><strong>et</strong></span> <span class='ocrx_word' id='word_1_452' title='bbox 662 4418 814 4481; x_wconf 79' lang='lat' dir='ltr'><strong>paret</strong></span> <span class='ocrx_word' id='word_1_453' title='bbox 836 4406 1169 4481; x_wconf 81' lang='lat' dir='ltr'><strong>Joseph,__ac</strong></span> <span class='ocrx_word' id='word_1_454' title='bbox 1206 4406 1464 4481; x_wconf 79' lang='lat' dir='ltr'><strong>virginem</strong></span> <span class='ocrx_word' id='word_1_455' title='bbox 1504 4423 1683 4481; x_wconf 79' lang='lat' dir='ltr'><strong>secum</strong></span> <span class='ocrx_word' id='word_1_456' title='bbox 1725 4406 1962 4481; x_wconf 76' lang='lat' dir='ltr'><strong>assumit.</strong></span> <span class='ocrx_word' id='word_1_457' title='bbox 2010 4407 2144 4481; x_wconf 76' lang='lat' dir='ltr'><strong>cum</strong></span> 
     </span>
    </p>
   </div>
   <div class='ocr_carea' id='block_1_64' title="bbox 575 4477 2146 4547">
    <p class='ocr_par' dir='ltr' id='par_1_64' title="bbox 575 4477 2146 4547">
     <span class='ocr_line' id='line_1_65' title="bbox 575 4477 2146 4547; baseline -0.003 -11"><span class='ocrx_word' id='word_1_458' title='bbox 575 4477 818 4536; x_wconf 51' lang='lat' dir='ltr'><strong>Graecum</strong></span> <span class='ocrx_word' id='word_1_459' title='bbox 845 4492 910 4533; x_wconf 86' lang='lat' dir='ltr'><strong>ac</strong></span> <span class='ocrx_word' id='word_1_460' title='bbox 938 4477 1188 4546; x_wconf 81' lang='lat' dir='ltr'><strong>gentilem</strong></span> <span class='ocrx_word' id='word_1_461' title='bbox 1208 4478 1456 4546; x_wconf 84' lang='lat' dir='ltr'><strong>aliquem,</strong></span> <span class='ocrx_word' id='word_1_462' title='bbox 1513 4477 1598 4532; x_wconf 84' lang='lat' dir='ltr'><strong>vel</strong></span> <span class='ocrx_word' id='word_1_463' title='bbox 1639 4479 1807 4547; x_wconf 89' lang='lat' dir='ltr'><strong>ipsum</strong></span> <span class='ocrx_word' id='word_1_464' title='bbox 1849 4480 2008 4533; x_wconf 87' lang='lat' dir='ltr'><strong>etiam</strong></span> <span class='ocrx_word' id='word_1_465' title='bbox 2053 4478 2146 4533; x_wconf 85' lang='lat' dir='ltr'><strong>Ju-</strong></span> 
     </span>
    </p>
   </div>
   <div class='ocr_carea' id='block_1_65' title="bbox 575 4547 2142 4618">
    <p class='ocr_par' dir='ltr' id='par_1_65' title="bbox 575 4547 2142 4618">
     <span class='ocr_line' id='line_1_66' title="bbox 575 4547 2142 4618; baseline -0.001 -14"><span class='ocrx_word' id='word_1_466' title='bbox 575 4548 752 4604; x_wconf 73' lang='lat' dir='ltr'><strong>dteum</strong></span> <span class='ocrx_word' id='word_1_467' title='bbox 807 4547 1255 4618; x_wconf 66' lang='lat' dir='ltr'><strong>interrogaveris,</strong></span> <span class='ocrx_word' id='word_1_468' title='bbox 1281 4547 1624 4617; x_wconf 84' lang='lat' dir='ltr'><strong>quamobrem</strong></span> <span class='ocrx_word' id='word_1_469' title='bbox 1664 4549 1899 4616; x_wconf 79' lang='lat' dir='ltr'><strong>Augusto</strong></span> <span class='ocrx_word' id='word_1_470' title='bbox 1941 4556 2142 4602; x_wconf 90' lang='lat' dir='ltr'><strong>tantum</strong></span> 
     </span>
    </p>
   </div>
   <div class='ocr_carea' id='block_1_66' title="bbox 580 4617 2146 4688">
    <p class='ocr_par' dir='ltr' id='par_1_66' title="bbox 580 4617 2146 4688">
     <span class='ocr_line' id='line_1_67' title="bbox 580 4617 2146 4688; baseline 0 -16"><span class='ocrx_word' id='word_1_471' title='bbox 580 4619 798 4675; x_wconf 87' lang='lat' dir='ltr'><strong>honoris</strong></span> <span class='ocrx_word' id='word_1_472' title='bbox 826 4617 1094 4687; x_wconf 86' lang='lat' dir='ltr'><strong>obtigerit,</strong></span> <span class='ocrx_word' id='word_1_473' title='bbox 1120 4626 1180 4671; x_wconf 88' lang='lat' dir='ltr'><strong>ut</strong></span> <span class='ocrx_word' id='word_1_474' title='bbox 1206 4617 1372 4673; x_wconf 88' lang='lat' dir='ltr'><strong>multo</strong></span> <span class='ocrx_word' id='word_1_475' title='bbox 1401 4627 1638 4687; x_wconf 90' lang='lat' dir='ltr'><strong>tempore</strong></span> <span class='ocrx_word' id='word_1_476' title='bbox 1676 4619 1912 4686; x_wconf 87' lang='lat' dir='ltr'><strong>regnarit</strong></span> <span class='ocrx_word' id='word_1_477' title='bbox 1941 4618 2146 4688; x_wconf 87' lang='lat' dir='ltr'><strong>(annos</strong></span> 
     </span>
    </p>
   </div>
   <div class='ocr_carea' id='block_1_67' title="bbox 576 4687 2146 4757">
    <p class='ocr_par' dir='ltr' id='par_1_67' title="bbox 576 4687 2146 4757">
     <span class='ocr_line' id='line_1_68' title="bbox 576 4687 2146 4757; baseline -0.001 -14"><span class='ocrx_word' id='word_1_478' title='bbox 576 4691 718 4744; x_wconf 89' lang='lat' dir='ltr'><strong>enim</strong></span> <span class='ocrx_word' id='word_1_479' title='bbox 737 4702 832 4744; x_wconf 78' lang='lat' dir='ltr'><strong>sex</strong></span> <span class='ocrx_word' id='word_1_480' title='bbox 857 4695 910 4757; x_wconf 72' lang='lat' dir='ltr'><strong>et</strong></span> <span class='ocrx_word' id='word_1_481' title='bbox 933 4689 1311 4757; x_wconf 86' lang='lat' dir='ltr'><strong>quinquaginta</strong></span> <span class='ocrx_word' id='word_1_482' title='bbox 1340 4703 1655 4756; x_wconf 86' lang='lat' dir='ltr'><strong>mensesque</strong></span> <span class='ocrx_word' id='word_1_483' title='bbox 1701 4697 1926 4757; x_wconf 90' lang='lat' dir='ltr'><strong>quatuor</strong></span> <span class='ocrx_word' id='word_1_484' title='bbox 1952 4687 2146 4757; x_wconf 85' lang='lat' dir='ltr'><strong>impe-</strong></span> 
     </span>
    </p>
   </div>
   <div class='ocr_carea' id='block_1_68' title="bbox 576 4751 2146 4830">
    <p class='ocr_par' dir='ltr' id='par_1_68' title="bbox 576 4751 2146 4830">
     <span class='ocr_line' id='line_1_69' title="bbox 576 4751 2146 4830; baseline 0.001 -19"><span class='ocrx_word' id='word_1_485' title='bbox 576 4757 790 4830; x_wconf 78' lang='lat' dir='ltr'><strong>ravit),_</strong></span> <span class='ocrx_word' id='word_1_486' title='bbox 823 4751 1046 4830; x_wconf 66' lang='lat' dir='ltr'><strong>nihil&#39;illi</strong></span> <span class='ocrx_word' id='word_1_487' title='bbox 1064 4751 1275 4826; x_wconf 74' lang='lat' dir='ltr'><strong>quidem</strong></span> <span class='ocrx_word' id='word_1_488' title='bbox 1306 4751 1662 4830; x_wconf 73' lang='lat' dir='ltr'><strong>respondent:</strong></span> <span class='ocrx_word' id='word_1_489' title='bbox 1710 4751 1809 4830; x_wconf 76' lang='lat' dir='ltr'><strong>ipsi</strong></span> <span class='ocrx_word' id='word_1_490' title='bbox 1837 4773 1964 4830; x_wconf 85' lang='lat' dir='ltr'><strong>vero</strong></span> <span class='ocrx_word' id='word_1_491' title='bbox 2003 4751 2146 4830; x_wconf 74' lang='lat' dir='ltr'><strong>sorte</strong></span> 
     </span>
    </p>
   </div>
   <div class='ocr_carea' id='block_1_69' title="bbox 576 4828 2148 4900">
    <p class='ocr_par' dir='ltr' id='par_1_69' title="bbox 576 4828 2148 4900">
     <span class='ocr_line' id='line_1_70' title="bbox 576 4828 2148 4900; baseline -0.001 -19"><span class='ocrx_word' id='word_1_492' title='bbox 576 4828 752 4900; x_wconf 80' lang='lat' dir='ltr'><strong>aliqua</strong></span> <span class='ocrx_word' id='word_1_493' title='bbox 778 4828 1141 4899; x_wconf 85' lang='lat' dir='ltr'><strong>longissimum</strong></span> <span class='ocrx_word' id='word_1_494' title='bbox 1168 4829 1422 4896; x_wconf 84' lang='lat' dir='ltr'><strong>temporis</strong></span> <span class='ocrx_word' id='word_1_495' title='bbox 1451 4829 1676 4900; x_wconf 81' lang='lat' dir='ltr'><strong>spatium</strong></span> <span class='ocrx_word' id='word_1_496' title='bbox 1702 4828 1980 4883; x_wconf 88' lang='lat' dir='ltr'><strong>obvenisse</strong></span> <span class='ocrx_word' id='word_1_497' title='bbox 2005 4828 2148 4900; x_wconf 51' lang='lat' dir='ltr'><strong>ar_hig</strong></span> 
     </span>
    </p>
   </div>
   <div class='ocr_carea' id='block_1_70' title="bbox 575 4897 2145 4967">
    <p class='ocr_par' dir='ltr' id='par_1_70' title="bbox 575 4897 2145 4967">
     <span class='ocr_line' id='line_1_71' title="bbox 575 4897 2145 4967; baseline 0 -16"><span class='ocrx_word' id='word_1_498' title='bbox 575 4897 806 4961; x_wconf 74' lang='lat' dir='ltr'><strong>Imittur,</strong></span> <span class='ocrx_word' id='word_1_499' title='bbox 835 4897 1004 4967; x_wconf 79' lang='lat' dir='ltr'><strong>neque</strong></span> <span class='ocrx_word' id='word_1_500' title='bbox 1031 4913 1209 4953; x_wconf 90' lang='lat' dir='ltr'><strong>rerum</strong></span> <span class='ocrx_word' id='word_1_501' title='bbox 1236 4912 1422 4952; x_wconf 79' lang='lat' dir='ltr'><strong>causas</strong></span> <span class='ocrx_word' id='word_1_502' title='bbox 1452 4899 1779 4967; x_wconf 78' lang='lat' dir='ltr'><strong>intelligunt,</strong></span> <span class='ocrx_word' id='word_1_503' title='bbox 1827 4912 2018 4967; x_wconf 11' lang='lat' dir='ltr'><strong>neque&quot;,</strong></span> <span class='ocrx_word' id='word_1_504' title='bbox 2052 4897 2145 4951; x_wconf 89' lang='lat' dir='ltr'><strong>Dei</strong></span> 
     </span>
    </p>
   </div>
   <div class='ocr_carea' id='block_1_71' title="bbox 573 4966 2147 5093">
    <p class='ocr_par' dir='ltr' id='par_1_71' title="bbox 573 4966 2147 5093">
     <span class='ocr_line' id='line_1_72' title="bbox 573 4966 2147 5093; baseline -0.001 -71"><span class='ocrx_word' id='word_1_505' title='bbox 573 4970 762 5093; x_wconf 52' lang='lat' dir='ltr'><strong>gratim</strong></span> <span class='ocrx_word' id='word_1_506' title='bbox 801 4966 1041 5050; x_wconf 74' lang='lat' dir='ltr'><strong>credunt.</strong></span> <span class='ocrx_word' id='word_1_507' title='bbox 1100 4968 1227 5034; x_wconf 87' lang='lat' dir='ltr'><strong>Ejus</strong></span> <span class='ocrx_word' id='word_1_508' title='bbox 1269 4969 1411 5022; x_wconf 89' lang='lat' dir='ltr'><strong>enim</strong></span> <span class='ocrx_word' id='word_1_509' title='bbox 1459 4966 1812 5023; x_wconf 35' lang='lat' dir='ltr'><strong>tetate’natus</strong></span> <span class='ocrx_word' id='word_1_510' title='bbox 1859 4966 1942 5022; x_wconf 88' lang='lat' dir='ltr'><strong>est</strong></span> <span class='ocrx_word' id='word_1_511' title='bbox 1991 4966 2147 5022; x_wconf 82' lang='lat' dir='ltr'><strong>Jesus</strong></span> 
     </span>
     <span class='ocr_line' id='line_1_73' title="bbox 621 5037 2147 5093; baseline 0.001 -2"><span class='ocrx_word' id='word_1_512' title='bbox 621 5038 836 5093; x_wconf 85' lang='lat' dir='ltr'><strong>hnstus.</strong></span> <span class='ocrx_word' id='word_1_513' title='bbox 863 5038 922 5093; x_wconf 84' lang='lat' dir='ltr'><strong>St</strong></span> <span class='ocrx_word' id='word_1_514' title='bbox 948 5049 1105 5093; x_wconf 84' lang='lat' dir='ltr'><strong>untur</strong></span> <span class='ocrx_word' id='word_1_515' title='bbox 1147 5037 1500 5092; x_wconf 60' lang='lat' dir='ltr'><strong>Rominorum</strong></span> <span class='ocrx_word' id='word_1_516' title='bbox 1553 5038 1842 5093; x_wconf 80' lang='lat' dir='ltr'><strong>Imperator</strong></span> <span class='ocrx_word' id='word_1_517' title='bbox 1883 5039 2147 5093; x_wconf 70' lang='lat' dir='ltr'><strong>Augustus</strong></span> 
     </span>
    </p>
   </div>
   <div class='ocr_carea' id='block_1_72' title="bbox 621 5037 2148 5108">
    <p class='ocr_par' dir='ltr' id='par_1_72' title="bbox 621 5037 2148 5108">
     <span class='ocr_line' id='line_1_74' title="bbox 621 5037 2148 5108; baseline 0.001 -17"><span class='ocrx_word' id='word_1_518' title='bbox 621 5038 836 5093; x_wconf 82' lang='lat' dir='ltr'><strong>hristus.</strong></span> <span class='ocrx_word' id='word_1_519' title='bbox 863 5038 922 5094; x_wconf 88' lang='lat' dir='ltr'><strong>Si</strong></span> <span class='ocrx_word' id='word_1_520' title='bbox 948 5039 1105 5108; x_wconf 89' lang='lat' dir='ltr'><strong>igitur</strong></span> <span class='ocrx_word' id='word_1_521' title='bbox 1147 5037 1500 5092; x_wconf 71' lang='lat' dir='ltr'><strong>Romanorum</strong></span> <span class='ocrx_word' id='word_1_522' title='bbox 1553 5038 1842 5108; x_wconf 85' lang='lat' dir='ltr'><strong>Imperator</strong></span> <span class='ocrx_word' id='word_1_523' title='bbox 1883 5039 2148 5107; x_wconf 76' lang='lat' dir='ltr'><strong>Angustus</strong></span> 
     </span>
    </p>
   </div>
   <div class='ocr_carea' id='block_1_73' title="bbox 573 5107 2147 5178">
    <p class='ocr_par' dir='ltr' id='par_1_73' title="bbox 573 5107 2147 5178">
     <span class='ocr_line' id='line_1_75' title="bbox 573 5107 2147 5178; baseline 0.001 -18"><span class='ocrx_word' id='word_1_524' title='bbox 573 5119 626 5161; x_wconf 89' lang='lat' dir='ltr'><strong>et</strong></span> <span class='ocrx_word' id='word_1_525' title='bbox 655 5110 876 5176; x_wconf 86' lang='lat' dir='ltr'><strong>primus,</strong></span> <span class='ocrx_word' id='word_1_526' title='bbox 929 5107 997 5163; x_wconf 82' lang='lat' dir='ltr'><strong>eo</strong></span> <span class='ocrx_word' id='word_1_527' title='bbox 1026 5109 1319 5178; x_wconf 82' lang='lat' dir='ltr'><strong>imperante</strong></span> <span class='ocrx_word' id='word_1_528' title='bbox 1357 5107 1572 5172; x_wconf 72' lang='lat' dir='ltr'><strong>solum:</strong></span> <span class='ocrx_word' id='word_1_529' title='bbox 1613 5107 1856 5178; x_wconf 78' lang='lat' dir='ltr'><strong>Salvator</strong></span> <span class='ocrx_word' id='word_1_530' title='bbox 1904 5108 2147 5162; x_wconf 85' lang='lat' dir='ltr'><strong>Christus</strong></span> 
     </span>
    </p>
   </div>
   <div class='ocr_carea' id='block_1_74' title="bbox 575 5176 2145 5248">
    <p class='ocr_par' dir='ltr' id='par_1_74' title="bbox 575 5176 2145 5248">
     <span class='ocr_line' id='line_1_76' title="bbox 575 5176 2145 5248; baseline 0.001 -18"><span class='ocrx_word' id='word_1_531' title='bbox 575 5180 770 5248; x_wconf 81' lang='lat' dir='ltr'><strong>merito</strong></span> <span class='ocrx_word' id='word_1_532' title='bbox 814 5179 864 5233; x_wconf 89' lang='lat' dir='ltr'><strong>in</strong></span> <span class='ocrx_word' id='word_1_533' title='bbox 922 5179 1032 5248; x_wconf 88' lang='lat' dir='ltr'><strong>ipsa</strong></span> <span class='ocrx_word' id='word_1_534' title='bbox 1098 5176 1474 5233; x_wconf 77' lang='lat' dir='ltr'><strong>constitutione</strong></span> <span class='ocrx_word' id='word_1_535' title='bbox 1528 5178 1734 5248; x_wconf 84' lang='lat' dir='ltr'><strong>imperii</strong></span> <span class='ocrx_word' id='word_1_536' title='bbox 1785 5176 2145 5232; x_wconf 79' lang='lat' dir='ltr'><strong>Romanorum</strong></span> 
     </span>
    </p>
   </div>
   <div class='ocr_carea' id='block_1_75' title="bbox 574 5247 2148 5317">
    <p class='ocr_par' dir='ltr' id='par_1_75' title="bbox 574 5247 2148 5317">
     <span class='ocr_line' id='line_1_77' title="bbox 574 5247 2148 5317; baseline 0.001 -17"><span class='ocrx_word' id='word_1_537' title='bbox 574 5247 1029 5315; x_wconf 85' lang='lat' dir='ltr'><strong>dispensationem</strong></span> <span class='ocrx_word' id='word_1_538' title='bbox 1071 5248 1123 5302; x_wconf 92' lang='lat' dir='ltr'><strong>in</strong></span> <span class='ocrx_word' id='word_1_539' title='bbox 1150 5264 1310 5303; x_wconf 87' lang='lat' dir='ltr'><strong>carne</strong></span> <span class='ocrx_word' id='word_1_540' title='bbox 1351 5249 1604 5316; x_wconf 90' lang='lat' dir='ltr'><strong>suscepit.</strong></span> <span class='ocrx_word' id='word_1_541' title='bbox 1651 5247 1780 5317; x_wconf 84' lang='lat' dir='ltr'><strong>Erat</strong></span> <span class='ocrx_word' id='word_1_542' title='bbox 1805 5249 1997 5317; x_wconf 88' lang='lat' dir='ltr'><strong>quippe</strong></span> <span class='ocrx_word' id='word_1_543' title='bbox 2050 5249 2148 5302; x_wconf 85' lang='lat' dir='ltr'><strong>im-</strong></span> 
     </span>
    </p>
   </div>
   <div class='ocr_carea' id='block_1_76' title="bbox 577 5316 2148 5388">
    <p class='ocr_par' dir='ltr' id='par_1_76' title="bbox 577 5316 2148 5388">
     <span class='ocr_line' id='line_1_78' title="bbox 577 5316 2148 5388; baseline 0.001 -18"><span class='ocrx_word' id='word_1_544' title='bbox 577 5319 833 5374; x_wconf 86' lang='lat' dir='ltr'><strong>mittenda</strong></span> <span class='ocrx_word' id='word_1_545' title='bbox 882 5320 1028 5388; x_wconf 82' lang='lat' dir='ltr'><strong>virga</strong></span> <span class='ocrx_word' id='word_1_546' title='bbox 1077 5318 1285 5388; x_wconf 62' lang='lat' dir='ltr'><strong>ferrea,</strong></span> <span class='ocrx_word' id='word_1_547' title='bbox 1324 5318 1393 5372; x_wconf 91' lang='lat' dir='ltr'><strong>de</strong></span> <span class='ocrx_word' id='word_1_548' title='bbox 1441 5333 1542 5388; x_wconf 91' lang='lat' dir='ltr'><strong>qua</strong></span> <span class='ocrx_word' id='word_1_549' title='bbox 1586 5317 1718 5371; x_wconf 79' lang='lat' dir='ltr'><strong>dixit</strong></span> <span class='ocrx_word' id='word_1_550' title='bbox 1761 5316 1946 5388; x_wconf 72' lang='lat' dir='ltr'><strong>David.</strong></span> <span class='ocrx_word' id='word_1_551' title='bbox 1988 5317 2148 5387; x_wconf 73' lang='lat' dir='ltr'><strong>Reges</strong></span> 
     </span>
    </p>
   </div>
   <div class='ocr_carea' id='block_1_77' title="bbox 575 5387 2148 5460">
    <p class='ocr_par' dir='ltr' id='par_1_77' title="bbox 575 5387 2148 5460">
     <span class='ocr_line' id='line_1_79' title="bbox 575 5387 2148 5460; baseline -0.003 -16"><span class='ocrx_word' id='word_1_552' title='bbox 575 5407 660 5444; x_wconf 87' lang='lat' dir='ltr'><strong>eos</strong></span> <span class='ocrx_word' id='word_1_553' title='bbox 687 5390 741 5457; x_wconf 81' lang='lat' dir='ltr'><strong>in</strong></span> <span class='ocrx_word' id='word_1_554' title='bbox 767 5389 905 5460; x_wconf 80' lang='lat' dir='ltr'><strong>virga</strong></span> <span class='ocrx_word' id='word_1_555' title='bbox 933 5387 1116 5460; x_wconf 77' lang='lat' dir='ltr'><strong>ferrea,</strong></span> <span class='ocrx_word' id='word_1_556' title='bbox 1144 5398 1220 5452; x_wconf 91' lang='lat' dir='ltr'><strong>et,</strong></span> <span class='ocrx_word' id='word_1_557' title='bbox 1252 5387 1512 5440; x_wconf 33' lang='lat' dir='ltr'><strong>Postuia’a</strong></span> <span class='ocrx_word' id='word_1_558' title='bbox 1539 5404 1619 5460; x_wconf 84' lang='lat' dir='ltr'><strong>me</strong></span> <span class='ocrx_word' id='word_1_559' title='bbox 1639 5429 1654 5452; x_wconf 91' lang='lat'><strong>,</strong></span> <span class='ocrx_word' id='word_1_560' title='bbox 1674 5399 1722 5440; x_wconf 87' lang='lat' dir='ltr'><strong>et</strong></span> <span class='ocrx_word' id='word_1_561' title='bbox 1747 5387 1876 5441; x_wconf 83' lang='lat' dir='ltr'><strong>dabo</strong></span> <span class='ocrx_word' id='word_1_562' title='bbox 1905 5388 1991 5441; x_wconf 83' lang='lat' dir='ltr'><strong>tibi</strong></span> <span class='ocrx_word' id='word_1_563' title='bbox 2021 5405 2148 5458; x_wconf 84' lang='lat' dir='ltr'><strong>gen-</strong></span> 
     </span>
    </p>
   </div>
   <div class='ocr_carea' id='block_1_78' title="bbox 581 5458 2147 5524">
    <p class='ocr_par' dir='ltr' id='par_1_78' title="bbox 581 5458 2147 5524">
     <span class='ocr_line' id='line_1_80' title="bbox 581 5458 2147 5524; baseline -0.001 -13"><span class='ocrx_word' id='word_1_564' title='bbox 581 5470 654 5513; x_wconf 81' lang='lat' dir='ltr'><strong>tes</strong></span> <span class='ocrx_word' id='word_1_565' title='bbox 700 5458 1023 5512; x_wconf 66' lang='lat' dir='ltr'><strong>hereditatem</strong></span> <span class='ocrx_word' id='word_1_566' title='bbox 1079 5469 1215 5512; x_wconf 80' lang='lat' dir='ltr'><strong>tuam</strong></span> <span class='ocrx_word' id='word_1_567' title='bbox 1240 5500 1252 5514; x_wconf 94' lang='lat'><strong>.</strong></span> <span class='ocrx_word' id='word_1_568' title='bbox 1304 5468 1348 5510; x_wconf 88' lang='lat' dir='ltr'><strong>et</strong></span> <span class='ocrx_word' id='word_1_569' title='bbox 1397 5458 1754 5524; x_wconf 74' lang='lat' dir='ltr'><strong>possessionem</strong></span> <span class='ocrx_word' id='word_1_570' title='bbox 1799 5467 1934 5509; x_wconf 82' lang='lat' dir='ltr'><strong>tuam</strong></span> <span class='ocrx_word' id='word_1_571' title='bbox 1976 5460 2147 5511; x_wconf 81' lang='lat' dir='ltr'><strong>tenni-</strong></span> 
     </span>
    </p>
   </div>
   <div class='ocr_carea' id='block_1_79' title="bbox 578 5527 2148 5600">
    <p class='ocr_par' dir='ltr' id='par_1_79' title="bbox 578 5527 2148 5600">
     <span class='ocr_line' id='line_1_81' title="bbox 578 5527 2148 5600; baseline 0 -19"><span class='ocrx_word' id='word_1_572' title='bbox 578 5545 672 5600; x_wconf 68' lang='lat' dir='ltr'><strong>nos</strong></span> <span class='ocrx_word' id='word_1_573' title='bbox 719 5527 1073 5600; x_wconf 19' lang='lat' dir='ltr'><strong>terrae”(Psal.</strong></span> <span class='ocrx_word' id='word_1_574' title='bbox 1114 5527 1172 5581; x_wconf 72' lang='lat'><strong>2.</strong></span> <span class='ocrx_word' id='word_1_575' title='bbox 1220 5527 1275 5582; x_wconf 89' lang='lat'><strong>9.</strong></span> <span class='ocrx_word' id='word_1_576' title='bbox 1328 5527 1425 5600; x_wconf 89' lang='lat'><strong>8)__:</strong></span> <span class='ocrx_word' id='word_1_577' title='bbox 1454 5528 1603 5596; x_wconf 90' lang='lat' dir='ltr'><strong>quasi</strong></span> <span class='ocrx_word' id='word_1_578' title='bbox 1651 5527 1797 5600; x_wconf 60' lang='lat' dir='ltr'><strong>solus</strong></span> <span class='ocrx_word' id='word_1_579' title='bbox 1848 5541 1967 5580; x_wconf 92' lang='lat' dir='ltr'><strong>cum</strong></span> <span class='ocrx_word' id='word_1_580' title='bbox 2015 5528 2148 5582; x_wconf 86' lang='lat' dir='ltr'><strong>Filio</strong></span> 
     </span>
    </p>
   </div>
   <div class='ocr_carea' id='block_1_80' title="bbox 581 5596 2146 5668">
    <p class='ocr_par' dir='ltr' id='par_1_80' title="bbox 581 5596 2146 5668">
     <span class='ocr_line' id='line_1_82' title="bbox 581 5596 2146 5668; baseline -0.003 -13"><span class='ocrx_word' id='word_1_581' title='bbox 581 5598 736 5655; x_wconf 87' lang='lat' dir='ltr'><strong>Pater</strong></span> <span class='ocrx_word' id='word_1_582' title='bbox 805 5596 1193 5668; x_wconf 86' lang='lat' dir='ltr'><strong>colloqueretur</strong></span> <span class='ocrx_word' id='word_1_583' title='bbox 1263 5612 1326 5653; x_wconf 88' lang='lat' dir='ltr'><strong>ac</strong></span> <span class='ocrx_word' id='word_1_584' title='bbox 1371 5597 1621 5668; x_wconf 78' lang='lat' dir='ltr'><strong>diceret,</strong></span> <span class='ocrx_word' id='word_1_585' title='bbox 1688 5596 1926 5668; x_wconf 74' lang='lat' dir='ltr'><strong>Regnum</strong></span> <span class='ocrx_word' id='word_1_586' title='bbox 2002 5608 2146 5651; x_wconf 90' lang='lat' dir='ltr'><strong>tuum</strong></span> 
     </span>
    </p>
   </div>
   <div class='ocr_carea' id='block_1_81' title="bbox 580 5667 2149 5736">
    <p class='ocr_par' dir='ltr' id='par_1_81' title="bbox 580 5667 2149 5736">
     <span class='ocr_line' id='line_1_83' title="bbox 580 5667 2149 5736; baseline 0.001 -15"><span class='ocrx_word' id='word_1_587' title='bbox 580 5670 846 5736; x_wconf 82' lang='lat' dir='ltr'><strong>aspernati</strong></span> <span class='ocrx_word' id='word_1_588' title='bbox 885 5667 1006 5723; x_wconf 89' lang='lat' dir='ltr'><strong>sunt</strong></span> <span class='ocrx_word' id='word_1_589' title='bbox 1044 5667 1208 5722; x_wconf 64' lang='lat' dir='ltr'><strong>Judaei</strong></span> <span class='ocrx_word' id='word_1_590' title='bbox 1237 5707 1252 5732; x_wconf 89' lang='lat'><strong>,</strong></span> <span class='ocrx_word' id='word_1_591' title='bbox 1309 5677 1562 5736; x_wconf 84' lang='lat' dir='ltr'><strong>tuumque</strong></span> <span class='ocrx_word' id='word_1_592' title='bbox 1611 5667 1892 5734; x_wconf 87' lang='lat' dir='ltr'><strong>imperium</strong></span> <span class='ocrx_word' id='word_1_593' title='bbox 1944 5671 2149 5735; x_wconf 80' lang='lat' dir='ltr'><strong>probris</strong></span> 
     </span>
    </p>
   </div>
   <div class='ocr_carea' id='block_1_82' title="bbox 579 5683 2146 5810">
    <p class='ocr_par' dir='ltr' id='par_1_82' title="bbox 579 5683 2146 5810">
     <span class='ocr_line' id='line_1_84' title="bbox 580 5683 2146 5736; baseline 0.001 -15"><span class='ocrx_word' id='word_1_594' title='bbox 580 5683 644 5721; x_wconf 87' lang='lat' dir='ltr'><strong>as</strong></span> <span class='ocrx_word' id='word_1_595' title='bbox 710 5683 846 5722; x_wconf 86' lang='lat' dir='ltr'><strong>rnau</strong></span> <span class='ocrx_word' id='word_1_596' title='bbox 885 5683 1006 5723; x_wconf 91' lang='lat' dir='ltr'><strong>sunt</strong></span> <span class='ocrx_word' id='word_1_597' title='bbox 1044 5683 1208 5722; x_wconf 67' lang='lat' dir='ltr'><strong>suntet</strong></span> <span class='ocrx_word' id='word_1_598' title='bbox 1237 5707 1252 5732; x_wconf 90' lang='lat'><strong>,</strong></span> <span class='ocrx_word' id='word_1_599' title='bbox 1309 5683 1562 5736; x_wconf 83' lang='lat' dir='ltr'><strong>tuumque</strong></span> <span class='ocrx_word' id='word_1_600' title='bbox 1611 5683 1892 5734; x_wconf 84' lang='lat' dir='ltr'><strong>imperium</strong></span> <span class='ocrx_word' id='word_1_601' title='bbox 1944 5683 2146 5735; x_wconf 88' lang='lat' dir='ltr'><strong>pronrts</strong></span> 
     </span>
     <span class='ocr_line' id='line_1_85' title="bbox 579 5683 2146 5810; baseline 0.001 -17"><span class='ocrx_word' id='word_1_602' title='bbox 579 5683 902 5800; x_wconf 48' lang='lat' dir='ltr'><strong>aligerum;</strong></span> <span class='ocrx_word' id='word_1_603' title='bbox 947 5737 1771 5807; x_wconf 63' lang='lat' dir='ltr'><strong>contemptibilisnatioesthxc,</strong></span> <span class='ocrx_word' id='word_1_604' title='bbox 1819 5739 1968 5810; x_wconf 87' lang='lat' dir='ltr'><strong>pauci</strong></span> <span class='ocrx_word' id='word_1_605' title='bbox 2001 5747 2146 5808; x_wconf 86' lang='lat' dir='ltr'><strong>sunt,</strong></span> 
     </span>
    </p>
   </div>
   <div class='ocr_carea' id='block_1_83' title="bbox 647 5827 1482 5892">
    <p class='ocr_par' dir='ltr' id='par_1_83' title="bbox 647 5827 1482 5892">
     <span class='ocr_line' id='line_1_86' title="bbox 647 5827 1482 5892; baseline 0.004 -14"><span class='ocrx_word' id='word_1_606' title='bbox 647 5827 722 5892; x_wconf 76' lang='grc' dir='ltr'><strong>(ο)</strong></span> <span class='ocrx_word' id='word_1_607' title='bbox 754 5829 926 5881; x_wconf 80' lang='lat' dir='ltr'><strong>Collata</strong></span> <span class='ocrx_word' id='word_1_608' title='bbox 947 5841 1055 5879; x_wconf 84' lang='lat' dir='ltr'><strong>cum</strong></span> <span class='ocrx_word' id='word_1_609' title='bbox 1076 5832 1186 5879; x_wconf 79' lang='lat' dir='ltr'><strong>God.</strong></span> <span class='ocrx_word' id='word_1_610' title='bbox 1206 5834 1320 5892; x_wconf 80' lang='lat' dir='ltr'><strong>Reg.</strong></span> <span class='ocrx_word' id='word_1_611' title='bbox 1341 5828 1482 5881; x_wconf 66' lang='lat'><strong>2355.</strong></span> 
     </span>
    </p>
   </div>
   <div class='ocr_carea' id='block_1_84' title="bbox 2249 3077 3830 3149">
    <p class='ocr_par' dir='ltr' id='par_1_84' title="bbox 2249 3077 3830 3149">
     <span class='ocr_line' id='line_1_87' title="bbox 2249 3077 3830 3149; baseline 0.002 -16"><span class='ocrx_word' id='word_1_612' title='bbox 2249 3081 2338 3149; x_wconf 92' lang='lat' dir='ltr'><strong>qui</strong></span> <span class='ocrx_word' id='word_1_613' title='bbox 2365 3080 2595 3134; x_wconf 84' lang='lat' dir='ltr'><strong>aversati</strong></span> <span class='ocrx_word' id='word_1_614' title='bbox 2619 3087 2776 3134; x_wconf 91' lang='lat' dir='ltr'><strong>sunt:</strong></span> <span class='ocrx_word' id='word_1_615' title='bbox 2806 3077 3020 3133; x_wconf 79' lang='lat' dir='ltr'><strong>Postulo</strong></span> <span class='ocrx_word' id='word_1_616' title='bbox 3064 3095 3098 3133; x_wconf 88' lang='lat' dir='ltr'><strong>a</strong></span> <span class='ocrx_word' id='word_1_617' title='bbox 3133 3096 3231 3145; x_wconf 87' lang='lat' dir='ltr'><strong>me,</strong></span> <span class='ocrx_word' id='word_1_618' title='bbox 3281 3088 3328 3134; x_wconf 85' lang='lat' dir='ltr'><strong>et</strong></span> <span class='ocrx_word' id='word_1_619' title='bbox 3371 3078 3500 3134; x_wconf 78' lang='lat' dir='ltr'><strong>dabo</strong></span> <span class='ocrx_word' id='word_1_620' title='bbox 3551 3081 3637 3133; x_wconf 87' lang='lat' dir='ltr'><strong>tibi</strong></span> <span class='ocrx_word' id='word_1_621' title='bbox 3660 3091 3830 3149; x_wconf 73' lang='lat' dir='ltr'><strong>genta</strong></span> 
     </span>
    </p>
   </div>
   <div class='ocr_carea' id='block_1_85' title="bbox 2249 3150 3829 3230">
    <p class='ocr_par' dir='ltr' id='par_1_85' title="bbox 2249 3150 3829 3230">
     <span class='ocr_line' id='line_1_88' title="bbox 2249 3150 3829 3230; baseline 0.003 -28"><span class='ocrx_word' id='word_1_622' title='bbox 2249 3151 2581 3230; x_wconf 61' lang='lat' dir='ltr'><strong>hereditatem</strong></span> <span class='ocrx_word' id='word_1_623' title='bbox 2609 3157 2766 3230; x_wconf 66' lang='lat' dir='ltr'><strong>tuam,</strong></span> <span class='ocrx_word' id='word_1_624' title='bbox 2796 3159 2843 3230; x_wconf 81' lang='lat' dir='ltr'><strong>et</strong></span> <span class='ocrx_word' id='word_1_625' title='bbox 2854 3150 3217 3230; x_wconf 83' lang='lat' dir='ltr'><strong>possessionem</strong></span> <span class='ocrx_word' id='word_1_626' title='bbox 3235 3159 3374 3230; x_wconf 70' lang='lat' dir='ltr'><strong>tuam</strong></span> <span class='ocrx_word' id='word_1_627' title='bbox 3387 3151 3783 3230; x_wconf 74' lang='lat' dir='ltr'><strong>terminosth</strong></span> <span class='ocrx_word' id='word_1_628' title='bbox 3808 3168 3829 3206; x_wconf 93' lang='lat'><strong><em>:</em></strong></span> 
     </span>
    </p>
   </div>
   <div class='ocr_carea' id='block_1_86' title="bbox 2249 3219 3830 3288">
    <p class='ocr_par' dir='ltr' id='par_1_86' title="bbox 2249 3219 3830 3288">
     <span class='ocr_line' id='line_1_89' title="bbox 2249 3219 3830 3288; baseline -0.002 -14"><span class='ocrx_word' id='word_1_629' title='bbox 2249 3235 2356 3274; x_wconf 92' lang='lat' dir='ltr'><strong>non</strong></span> <span class='ocrx_word' id='word_1_630' title='bbox 2381 3220 2630 3287; x_wconf 83' lang='lat' dir='ltr'><strong>angulum</strong></span> <span class='ocrx_word' id='word_1_631' title='bbox 2659 3219 2970 3282; x_wconf 70' lang='lat' dir='ltr'><strong>Palrestinze,</strong></span> <span class='ocrx_word' id='word_1_632' title='bbox 3019 3233 3192 3288; x_wconf 87' lang='lat' dir='ltr'><strong>neque</strong></span> <span class='ocrx_word' id='word_1_633' title='bbox 3239 3221 3606 3273; x_wconf 88' lang='lat' dir='ltr'><strong>circumcisam</strong></span> <span class='ocrx_word' id='word_1_634' title='bbox 3649 3222 3830 3273; x_wconf 73' lang='lat' dir='ltr'><strong>natio-</strong></span> 
     </span>
    </p>
   </div>
   <div class='ocr_carea' id='block_1_87' title="bbox 2249 3288 3830 3356">
    <p class='ocr_par' dir='ltr' id='par_1_87' title="bbox 2249 3288 3830 3356">
     <span class='ocr_line' id='line_1_90' title="bbox 2249 3288 3830 3356; baseline -0.001 -11"><span class='ocrx_word' id='word_1_635' title='bbox 2249 3306 2392 3352; x_wconf 84' lang='lat' dir='ltr'><strong>nem.</strong></span> <span class='ocrx_word' id='word_1_636' title='bbox 2418 3304 2608 3343; x_wconf 84' lang='lat' dir='ltr'><strong>vanam</strong></span> <span class='ocrx_word' id='word_1_637' title='bbox 2634 3297 2687 3342; x_wconf 91' lang='lat' dir='ltr'><strong>et</strong></span> <span class='ocrx_word' id='word_1_638' title='bbox 2719 3291 2893 3342; x_wconf 90' lang='lat' dir='ltr'><strong>anima</strong></span> <span class='ocrx_word' id='word_1_639' title='bbox 2920 3288 3135 3344; x_wconf 85' lang='lat' dir='ltr'><strong>vecordi</strong></span> <span class='ocrx_word' id='word_1_640' title='bbox 3177 3289 3454 3356; x_wconf 68' lang='lat' dir='ltr'><strong>prteditam</strong></span> <span class='ocrx_word' id='word_1_641' title='bbox 3475 3329 3490 3350; x_wconf 88' lang='lat'><strong>,</strong></span> <span class='ocrx_word' id='word_1_642' title='bbox 3541 3290 3634 3343; x_wconf 85' lang='lat' dir='ltr'><strong>sed</strong></span> <span class='ocrx_word' id='word_1_643' title='bbox 3679 3289 3830 3344; x_wconf 86' lang='lat' dir='ltr'><strong>Dabo</strong></span> 
     </span>
    </p>
   </div>
   <div class='ocr_carea' id='block_1_88' title="bbox 2249 3357 3832 3430">
    <p class='ocr_par' dir='ltr' id='par_1_88' title="bbox 2249 3357 3832 3430">
     <span class='ocr_line' id='line_1_91' title="bbox 2249 3357 3832 3430; baseline 0 -18"><span class='ocrx_word' id='word_1_644' title='bbox 2249 3359 2338 3412; x_wconf 87' lang='lat' dir='ltr'><strong>tibi</strong></span> <span class='ocrx_word' id='word_1_645' title='bbox 2357 3369 2524 3430; x_wconf 84' lang='lat' dir='ltr'><strong>gentes</strong></span> <span class='ocrx_word' id='word_1_646' title='bbox 2549 3357 2876 3430; x_wconf 60' lang='lat' dir='ltr'><strong>hereditatem</strong></span> <span class='ocrx_word' id='word_1_647' title='bbox 2902 3369 3059 3421; x_wconf 84' lang='lat' dir='ltr'><strong>tuam,</strong></span> <span class='ocrx_word' id='word_1_648' title='bbox 3083 3369 3130 3412; x_wconf 88' lang='lat' dir='ltr'><strong>et</strong></span> <span class='ocrx_word' id='word_1_649' title='bbox 3157 3359 3522 3429; x_wconf 71' lang='lat' dir='ltr'><strong>possessionem</strong></span> <span class='ocrx_word' id='word_1_650' title='bbox 3547 3369 3697 3430; x_wconf 76' lang='lat' dir='ltr'><strong>tuam</strong></span> <span class='ocrx_word' id='word_1_651' title='bbox 3722 3368 3832 3412; x_wconf 85' lang='lat' dir='ltr'><strong>ter-</strong></span> 
     </span>
    </p>
   </div>
   <div class='ocr_carea' id='block_1_89' title="bbox 2249 3427 3830 3499">
    <p class='ocr_par' dir='ltr' id='par_1_89' title="bbox 2249 3427 3830 3499">
     <span class='ocr_line' id='line_1_92' title="bbox 2249 3427 3830 3499; baseline 0.002 -18"><span class='ocrx_word' id='word_1_652' title='bbox 2249 3427 2412 3483; x_wconf 80' lang='lat' dir='ltr'><strong>minos</strong></span> <span class='ocrx_word' id='word_1_653' title='bbox 2473 3439 2640 3483; x_wconf 80' lang='lat' dir='ltr'><strong>teme.</strong></span> <span class='ocrx_word' id='word_1_654' title='bbox 2682 3427 2905 3499; x_wconf 77' lang='lat' dir='ltr'><strong>_Beges_</strong></span> <span class='ocrx_word' id='word_1_655' title='bbox 2948 3427 3165 3483; x_wconf 58' lang='lat' dir='ltr'><strong>autem&#39;</strong></span> <span class='ocrx_word' id='word_1_656' title='bbox 3204 3443 3356 3499; x_wconf 64' lang='lat' dir='ltr'><strong>eos,</strong></span> <span class='ocrx_word' id='word_1_657' title='bbox 3401 3428 3830 3499; x_wconf 80' lang='lat' dir='ltr'><strong>quandoquidem</strong></span> 
     </span>
    </p>
   </div>
   <div class='ocr_carea' id='block_1_90' title="bbox 2251 3497 3830 3570">
    <p class='ocr_par' dir='ltr' id='par_1_90' title="bbox 2251 3497 3830 3570">
     <span class='ocr_line' id='line_1_93' title="bbox 2251 3497 3830 3570; baseline -0.002 -17"><span class='ocrx_word' id='word_1_658' title='bbox 2251 3500 2539 3570; x_wconf 79' lang='lat' dir='ltr'><strong>Evangelio</strong></span> <span class='ocrx_word' id='word_1_659' title='bbox 2561 3497 2783 3570; x_wconf 82' lang='lat' dir='ltr'><strong>obedire</strong></span> <span class='ocrx_word' id='word_1_660' title='bbox 2819 3497 3127 3564; x_wconf 91' lang='lat' dir='ltr'><strong>noluerunt,</strong></span> <span class='ocrx_word' id='word_1_661' title='bbox 3181 3497 3612 3568; x_wconf 86' lang='lat' dir='ltr'><strong>quandoquidem</strong></span> <span class='ocrx_word' id='word_1_662' title='bbox 3632 3497 3645 3499; x_wconf 64' lang='grc'>⁷</span> <span class='ocrx_word' id='word_1_663' title='bbox 3668 3501 3830 3570; x_wconf 62' lang='grc' dir='ltr'><strong>ιηίιτιτ</strong></span> 
     </span>
    </p>
   </div>
   <div class='ocr_carea' id='block_1_91' title="bbox 2249 3568 3834 3638">
    <p class='ocr_par' dir='ltr' id='par_1_91' title="bbox 2249 3568 3834 3638">
     <span class='ocr_line' id='line_1_94' title="bbox 2249 3568 3834 3638; baseline 0 -14"><span class='ocrx_word' id='word_1_664' title='bbox 2249 3570 2382 3624; x_wconf 88' lang='lat' dir='ltr'><strong>culis</strong></span> <span class='ocrx_word' id='word_1_665' title='bbox 2407 3568 2627 3625; x_wconf 78' lang='lat' dir='ltr'><strong>credere</strong></span> <span class='ocrx_word' id='word_1_666' title='bbox 2652 3568 2954 3636; x_wconf 84' lang='lat' dir='ltr'><strong>noluerunt,</strong></span> <span class='ocrx_word' id='word_1_667' title='bbox 2984 3583 3138 3638; x_wconf 81' lang='lat' dir='ltr'><strong>reges</strong></span> <span class='ocrx_word' id='word_1_668' title='bbox 3164 3582 3258 3638; x_wconf 84' lang='lat' dir='ltr'><strong>eos</strong></span> <span class='ocrx_word' id='word_1_669' title='bbox 3278 3583 3384 3622; x_wconf 92' lang='lat' dir='ltr'><strong>non</strong></span> <span class='ocrx_word' id='word_1_670' title='bbox 3409 3583 3660 3622; x_wconf 90' lang='lat' dir='ltr'><strong>sermone</strong></span> <span class='ocrx_word' id='word_1_671' title='bbox 3683 3610 3700 3633; x_wconf 82' lang='lat'><strong>,</strong></span> <span class='ocrx_word' id='word_1_672' title='bbox 3728 3569 3834 3624; x_wconf 86' lang='lat' dir='ltr'><strong>sed</strong></span> 
     </span>
    </p>
   </div>
   <div class='ocr_carea' id='block_1_92' title="bbox 2253 3637 3833 3710">
    <p class='ocr_par' dir='ltr' id='par_1_92' title="bbox 2253 3637 3833 3710">
     <span class='ocr_line' id='line_1_95' title="bbox 2253 3637 3833 3710; baseline 0.001 -18"><span class='ocrx_word' id='word_1_673' title='bbox 2253 3655 2416 3707; x_wconf 88' lang='lat' dir='ltr'><strong>opere</strong></span> <span class='ocrx_word' id='word_1_674' title='bbox 2435 3650 2490 3695; x_wconf 91' lang='lat' dir='ltr'><strong>et</strong></span> <span class='ocrx_word' id='word_1_675' title='bbox 2532 3640 2676 3710; x_wconf 88' lang='lat' dir='ltr'><strong>virga</strong></span> <span class='ocrx_word' id='word_1_676' title='bbox 2723 3639 2921 3710; x_wconf 75' lang='lat' dir='ltr'><strong>ferrea,</strong></span> <span class='ocrx_word' id='word_1_677' title='bbox 2953 3637 3189 3710; x_wconf 82' lang='lat' dir='ltr'><strong>imperio</strong></span> <span class='ocrx_word' id='word_1_678' title='bbox 3239 3637 3480 3693; x_wconf 80' lang='lat' dir='ltr'><strong>Romano</strong></span> <span class='ocrx_word' id='word_1_679' title='bbox 3502 3657 3520 3710; x_wconf 63' lang='grc' dir='ltr'><em>ε</em></span> <span class='ocrx_word' id='word_1_680' title='bbox 3551 3648 3833 3710; x_wconf 71' lang='lat' dir='ltr'><strong>propterea</strong></span> 
     </span>
    </p>
   </div>
   <div class='ocr_carea' id='block_1_93' title="bbox 2249 3705 3830 3779">
    <p class='ocr_par' dir='ltr' id='par_1_93' title="bbox 2249 3705 3830 3779">
     <span class='ocr_line' id='line_1_96' title="bbox 2249 3705 3830 3779; baseline -0.001 -16"><span class='ocrx_word' id='word_1_681' title='bbox 2249 3705 2410 3779; x_wconf 72' lang='lat' dir='ltr'><strong>virga:</strong></span> <span class='ocrx_word' id='word_1_682' title='bbox 2437 3705 2659 3779; x_wconf 69' lang='lat' dir='ltr'><strong>imperio</strong></span> <span class='ocrx_word' id='word_1_683' title='bbox 2683 3718 2805 3764; x_wconf 89' lang='lat' dir='ltr'><strong>sunt</strong></span> <span class='ocrx_word' id='word_1_684' title='bbox 2846 3705 3088 3778; x_wconf 86' lang='lat' dir='ltr'><strong>subjecti.</strong></span> <span class='ocrx_word' id='word_1_685' title='bbox 3140 3707 3271 3761; x_wconf 82' lang='lat' dir='ltr'><strong>Nam</strong></span> <span class='ocrx_word' id='word_1_686' title='bbox 3324 3724 3447 3763; x_wconf 91' lang='lat' dir='ltr'><strong>cum</strong></span> <span class='ocrx_word' id='word_1_687' title='bbox 3493 3705 3830 3778; x_wconf 77' lang='lat' dir='ltr'><strong>Jerosolyma</strong></span> 
     </span>
    </p>
   </div>
   <div class='ocr_carea' id='block_1_94' title="bbox 2248 3779 3834 3848">
    <p class='ocr_par' dir='ltr' id='par_1_94' title="bbox 2248 3779 3834 3848">
     <span class='ocr_line' id='line_1_97' title="bbox 2248 3779 3834 3848; baseline -0.003 -14"><span class='ocrx_word' id='word_1_688' title='bbox 2248 3781 2484 3836; x_wconf 81' lang='lat' dir='ltr'><strong>venisset</strong></span> <span class='ocrx_word' id='word_1_689' title='bbox 2502 3779 2678 3844; x_wconf 86' lang='lat' dir='ltr'><strong>Jesus,</strong></span> <span class='ocrx_word' id='word_1_690' title='bbox 2722 3790 2781 3834; x_wconf 87' lang='lat' dir='ltr'><strong>et</strong></span> <span class='ocrx_word' id='word_1_691' title='bbox 2803 3780 2853 3833; x_wconf 93' lang='lat' dir='ltr'><strong>in</strong></span> <span class='ocrx_word' id='word_1_692' title='bbox 2887 3779 3086 3848; x_wconf 90' lang='lat' dir='ltr'><strong>templo</strong></span> <span class='ocrx_word' id='word_1_693' title='bbox 3112 3787 3402 3833; x_wconf 88' lang='lat' dir='ltr'><strong>mercatum</strong></span> <span class='ocrx_word' id='word_1_694' title='bbox 3425 3791 3487 3832; x_wconf 91' lang='lat' dir='ltr'><strong>ac</strong></span> <span class='ocrx_word' id='word_1_695' title='bbox 3514 3779 3834 3848; x_wconf 82' lang='lat' dir='ltr'><strong>negotiatio-</strong></span> 
     </span>
    </p>
   </div>
   <div class='ocr_carea' id='block_1_95' title="bbox 2249 3847 3835 3919">
    <p class='ocr_par' dir='ltr' id='par_1_95' title="bbox 2249 3847 3835 3919">
     <span class='ocr_line' id='line_1_98' title="bbox 2249 3847 3835 3919; baseline -0.001 -16"><span class='ocrx_word' id='word_1_696' title='bbox 2249 3865 2372 3904; x_wconf 89' lang='lat' dir='ltr'><strong>nem</strong></span> <span class='ocrx_word' id='word_1_697' title='bbox 2406 3850 2543 3919; x_wconf 91' lang='lat' dir='ltr'><strong>turpi</strong></span> <span class='ocrx_word' id='word_1_698' title='bbox 2575 3849 2726 3904; x_wconf 88' lang='lat' dir='ltr'><strong>lucro</strong></span> <span class='ocrx_word' id='word_1_699' title='bbox 2751 3847 3140 3904; x_wconf 86' lang='lat' dir='ltr'><strong>redundantem</strong></span> <span class='ocrx_word' id='word_1_700' title='bbox 3171 3847 3597 3919; x_wconf 69' lang='lat' dir='ltr'><strong>conspexisset,</strong></span> <span class='ocrx_word' id='word_1_701' title='bbox 3629 3847 3835 3902; x_wconf 79' lang='lat' dir='ltr'><strong>vende-</strong></span> 
     </span>
    </p>
   </div>
   <div class='ocr_carea' id='block_1_96' title="bbox 2248 3918 3834 3991">
    <p class='ocr_par' dir='ltr' id='par_1_96' title="bbox 2248 3918 3834 3991">
     <span class='ocr_line' id='line_1_99' title="bbox 2248 3918 3834 3991; baseline -0.001 -16"><span class='ocrx_word' id='word_1_702' title='bbox 2248 3920 2378 3976; x_wconf 86' lang='lat' dir='ltr'><strong>bant</strong></span> <span class='ocrx_word' id='word_1_703' title='bbox 2400 3918 2595 3991; x_wconf 87' lang='lat' dir='ltr'><strong>quippe</strong></span> <span class='ocrx_word' id='word_1_704' title='bbox 2621 3919 2785 3980; x_wconf 86' lang='lat' dir='ltr'><strong>intus,</strong></span> <span class='ocrx_word' id='word_1_705' title='bbox 2810 3928 2864 3991; x_wconf 81' lang='lat' dir='ltr'><strong>et</strong></span> <span class='ocrx_word' id='word_1_706' title='bbox 2883 3919 3154 3991; x_wconf 85' lang='lat' dir='ltr'><strong>emebant,</strong></span> <span class='ocrx_word' id='word_1_707' title='bbox 3183 3928 3238 3973; x_wconf 89' lang='lat' dir='ltr'><strong>et</strong></span> <span class='ocrx_word' id='word_1_708' title='bbox 3259 3918 3540 3973; x_wconf 86' lang='lat' dir='ltr'><strong>occasione</strong></span> <span class='ocrx_word' id='word_1_709' title='bbox 3566 3931 3629 3971; x_wconf 91' lang='lat' dir='ltr'><strong>ac</strong></span> <span class='ocrx_word' id='word_1_710' title='bbox 3651 3919 3834 3987; x_wconf 81' lang='lat' dir='ltr'><strong>specie</strong></span> 
     </span>
    </p>
   </div>
   <div class='ocr_carea' id='block_1_97' title="bbox 2249 3989 3837 4056">
    <p class='ocr_par' dir='ltr' id='par_1_97' title="bbox 2249 3989 3837 4056">
     <span class='ocr_line' id='line_1_100' title="bbox 2249 3989 3837 4056; baseline -0.001 -13"><span class='ocrx_word' id='word_1_711' title='bbox 2249 3989 2632 4045; x_wconf 85' lang='lat' dir='ltr'><strong>sacriliciorum</strong></span> <span class='ocrx_word' id='word_1_712' title='bbox 2665 3991 2798 4042; x_wconf 89' lang='lat' dir='ltr'><strong>intra</strong></span> <span class='ocrx_word' id='word_1_713' title='bbox 2825 3989 3000 4042; x_wconf 75' lang='lat' dir='ltr'><strong>fanum</strong></span> <span class='ocrx_word' id='word_1_714' title='bbox 3031 3989 3199 4056; x_wconf 89' lang='lat' dir='ltr'><strong>ipsum</strong></span> <span class='ocrx_word' id='word_1_715' title='bbox 3229 3997 3576 4042; x_wconf 87' lang='lat' dir='ltr'><strong>mercaturam</strong></span> <span class='ocrx_word' id='word_1_716' title='bbox 3603 4001 3837 4042; x_wconf 81' lang='lat' dir='ltr'><strong>exerce-</strong></span> 
     </span>
    </p>
   </div>
   <div class='ocr_carea' id='block_1_98' title="bbox 2250 4056 3832 4128">
    <p class='ocr_par' dir='ltr' id='par_1_98' title="bbox 2250 4056 3832 4128">
     <span class='ocr_line' id='line_1_101' title="bbox 2250 4056 3832 4128; baseline -0.001 -15"><span class='ocrx_word' id='word_1_717' title='bbox 2250 4059 2380 4114; x_wconf 90' lang='lat' dir='ltr'><strong>bant</strong></span> <span class='ocrx_word' id='word_1_718' title='bbox 2409 4078 2422 4111; x_wconf 84' lang='lat'>:</span> <span class='ocrx_word' id='word_1_719' title='bbox 2456 4074 2574 4113; x_wconf 90' lang='lat' dir='ltr'><strong>cum</strong></span> <span class='ocrx_word' id='word_1_720' title='bbox 2607 4073 2733 4128; x_wconf 89' lang='lat' dir='ltr'><strong>ergo</strong></span> <span class='ocrx_word' id='word_1_721' title='bbox 2772 4060 2971 4127; x_wconf 84' lang='lat' dir='ltr'><strong>virgam</strong></span> <span class='ocrx_word' id='word_1_722' title='bbox 2999 4067 3051 4112; x_wconf 92' lang='lat' dir='ltr'><strong>et</strong></span> <span class='ocrx_word' id='word_1_723' title='bbox 3081 4057 3449 4128; x_wconf 54' lang='lat' dir='ltr'><strong>ﬂagellumﬁe</strong></span> <span class='ocrx_word' id='word_1_724' title='bbox 3473 4057 3719 4109; x_wconf 79' lang='lat' dir='ltr'><strong>funiculis</strong></span> <span class='ocrx_word' id='word_1_725' title='bbox 3746 4056 3832 4128; x_wconf 67' lang='lat' dir='ltr'><strong>fe-</strong></span> 
     </span>
    </p>
   </div>
   <div class='ocr_carea' id='block_1_99' title="bbox 2251 4125 3836 4199">
    <p class='ocr_par' dir='ltr' id='par_1_99' title="bbox 2251 4125 3836 4199">
     <span class='ocr_line' id='line_1_102' title="bbox 2251 4125 3836 4199; baseline 0.001 -16"><span class='ocrx_word' id='word_1_726' title='bbox 2251 4130 2449 4199; x_wconf 48' lang='lat' dir='ltr'><strong>cisset,</strong></span> <span class='ocrx_word' id='word_1_727' title='bbox 2466 4131 2621 4199; x_wconf 84' lang='lat' dir='ltr'><strong>ejccit</strong></span> <span class='ocrx_word' id='word_1_728' title='bbox 2645 4125 2737 4182; x_wconf 77' lang='lat' dir='ltr'><strong>eos</strong></span> <span class='ocrx_word' id='word_1_729' title='bbox 2766 4128 2832 4183; x_wconf 90' lang='lat' dir='ltr'><strong>de</strong></span> <span class='ocrx_word' id='word_1_730' title='bbox 2849 4125 3065 4199; x_wconf 77' lang='lat' dir='ltr'><strong>templo,</strong></span> <span class='ocrx_word' id='word_1_731' title='bbox 3084 4125 3269 4183; x_wconf 78' lang='lat' dir='ltr'><strong>dicens</strong></span> <span class='ocrx_word' id='word_1_732' title='bbox 3292 4167 3308 4192; x_wconf 92' lang='lat'><strong>,</strong></span> <span class='ocrx_word' id='word_1_733' title='bbox 3343 4125 3520 4199; x_wconf 74' lang='lat' dir='ltr'><strong>Nolite</strong></span> <span class='ocrx_word' id='word_1_734' title='bbox 3545 4131 3718 4199; x_wconf 49' lang='lat' dir='ltr'><strong>facere</strong></span> <span class='ocrx_word' id='word_1_735' title='bbox 3735 4126 3836 4199; x_wconf 65' lang='lat' dir='ltr'><strong>{io-</strong></span> 
     </span>
    </p>
   </div>
   <div class='ocr_carea' id='block_1_100' title="bbox 2250 4194 3831 4268">
    <p class='ocr_par' dir='ltr' id='par_1_100' title="bbox 2250 4194 3831 4268">
     <span class='ocr_line' id='line_1_103' title="bbox 2250 4194 3831 4268; baseline -0.001 -18"><span class='ocrx_word' id='word_1_736' title='bbox 2250 4215 2388 4252; x_wconf 84' lang='lat' dir='ltr'><strong>mum</strong></span> <span class='ocrx_word' id='word_1_737' title='bbox 2418 4194 2586 4252; x_wconf 76' lang='lat' dir='ltr'><strong>Patris</strong></span> <span class='ocrx_word' id='word_1_738' title='bbox 2612 4200 2706 4251; x_wconf 84' lang='lat' dir='ltr'><strong>mei</strong></span> <span class='ocrx_word' id='word_1_739' title='bbox 2733 4199 2939 4252; x_wconf 78' lang='lat' dir='ltr'><strong>domum</strong></span> <span class='ocrx_word' id='word_1_740' title='bbox 2958 4194 3332 4268; x_wconf 53' lang='lat' dir='ltr'><strong>negotiationis</strong></span> <span class='ocrx_word' id='word_1_741' title='bbox 3384 4196 3404 4267; x_wconf 92' lang='lat'><strong>(</strong></span> <span class='ocrx_word' id='word_1_742' title='bbox 3427 4194 3586 4250; x_wconf 74' lang='lat' dir='ltr'><strong>Joan.</strong></span> <span class='ocrx_word' id='word_1_743' title='bbox 3613 4197 3666 4250; x_wconf 73' lang='lat'><strong>2.</strong></span> <span class='ocrx_word' id='word_1_744' title='bbox 3693 4194 3767 4268; x_wconf 59' lang='lat'><strong>&#39;16</strong></span> <span class='ocrx_word' id='word_1_745' title='bbox 3787 4196 3831 4264; x_wconf 94' lang='lat'><strong>).</strong></span> 
     </span>
    </p>
   </div>
   <div class='ocr_carea' id='block_1_101' title="bbox 2251 4265 3834 4334">
    <p class='ocr_par' dir='ltr' id='par_1_101' title="bbox 2251 4265 3834 4334">
     <span class='ocr_line' id='line_1_104' title="bbox 2251 4265 3834 4334; baseline -0.003 -12"><span class='ocrx_word' id='word_1_746' title='bbox 2251 4269 2401 4334; x_wconf 85' lang='lat' dir='ltr'><strong>Quod</strong></span> <span class='ocrx_word' id='word_1_747' title='bbox 2457 4271 2500 4323; x_wconf 89' lang='lat' dir='ltr'><strong>si</strong></span> <span class='ocrx_word' id='word_1_748' title='bbox 2574 4269 2770 4334; x_wconf 87' lang='lat' dir='ltr'><strong>virgam</strong></span> <span class='ocrx_word' id='word_1_749' title='bbox 2831 4268 2972 4321; x_wconf 89' lang='lat' dir='ltr'><strong>illam</strong></span> <span class='ocrx_word' id='word_1_750' title='bbox 3042 4265 3406 4329; x_wconf 65' lang='lat' dir='ltr'><strong>&#39;tolerassent,</strong></span> <span class='ocrx_word' id='word_1_751' title='bbox 3469 4281 3577 4320; x_wconf 91' lang='lat' dir='ltr'><strong>non</strong></span> <span class='ocrx_word' id='word_1_752' title='bbox 3647 4265 3834 4334; x_wconf 88' lang='lat' dir='ltr'><strong>utique</strong></span> 
     </span>
    </p>
   </div>
   <div class='ocr_carea' id='block_1_102' title="bbox 2251 4335 3836 4408">
    <p class='ocr_par' dir='ltr' id='par_1_102' title="bbox 2251 4335 3836 4408">
     <span class='ocr_line' id='line_1_105' title="bbox 2251 4335 3836 4408; baseline -0.001 -16"><span class='ocrx_word' id='word_1_753' title='bbox 2251 4354 2344 4393; x_wconf 89' lang='lat' dir='ltr'><strong>eos</strong></span> <span class='ocrx_word' id='word_1_754' title='bbox 2390 4341 2440 4392; x_wconf 94' lang='lat' dir='ltr'><strong>in</strong></span> <span class='ocrx_word' id='word_1_755' title='bbox 2471 4340 2614 4408; x_wconf 86' lang='lat' dir='ltr'><strong>virga</strong></span> <span class='ocrx_word' id='word_1_756' title='bbox 2662 4335 2835 4392; x_wconf 65' lang='lat' dir='ltr'><strong>ferrea</strong></span> <span class='ocrx_word' id='word_1_757' title='bbox 2885 4339 3161 4408; x_wconf 75' lang='lat' dir='ltr'><strong>rexisset:</strong></span> <span class='ocrx_word' id='word_1_758' title='bbox 3215 4335 3429 4407; x_wconf 86' lang='lat' dir='ltr'><strong>quando</strong></span> <span class='ocrx_word' id='word_1_759' title='bbox 3472 4344 3650 4408; x_wconf 85' lang='lat' dir='ltr'><strong>autem</strong></span> <span class='ocrx_word' id='word_1_760' title='bbox 3687 4335 3836 4408; x_wconf 79' lang='lat' dir='ltr'><strong>salu-</strong></span> 
     </span>
    </p>
   </div>
   <div class='ocr_carea' id='block_1_103' title="bbox 2252 4405 3835 4477">
    <p class='ocr_par' dir='ltr' id='par_1_103' title="bbox 2252 4405 3835 4477">
     <span class='ocr_line' id='line_1_106' title="bbox 2252 4405 3835 4477; baseline -0.002 -14"><span class='ocrx_word' id='word_1_761' title='bbox 2252 4418 2420 4465; x_wconf 88' lang='lat' dir='ltr'><strong>tarem</strong></span> <span class='ocrx_word' id='word_1_762' title='bbox 2446 4405 2645 4477; x_wconf 77' lang='lat' dir='ltr'><strong>virgam</strong></span> <span class='ocrx_word' id='word_1_763' title='bbox 2691 4408 3040 4477; x_wconf 76' lang='lat' dir='ltr'><strong>ignominiosa</strong></span> <span class='ocrx_word' id='word_1_764' title='bbox 3066 4405 3560 4477; x_wconf 23' lang='lat' dir='ltr'><strong>rcjece‘runILnon</strong></span> <span class='ocrx_word' id='word_1_765' title='bbox 3614 4405 3835 4477; x_wconf 76' lang='lat' dir='ltr'><strong>ﬂagello</strong></span> 
     </span>
    </p>
   </div>
   <div class='ocr_carea' id='block_1_104' title="bbox 2251 4473 3834 4561">
    <p class='ocr_par' dir='ltr' id='par_1_104' title="bbox 2251 4473 3834 4561">
     <span class='ocr_line' id='line_1_107' title="bbox 2251 4473 3834 4561; baseline -0.002 -27"><span class='ocrx_word' id='word_1_766' title='bbox 2251 4480 2470 4561; x_wconf 83' lang='lat' dir='ltr'><strong>subjecti</strong></span> <span class='ocrx_word' id='word_1_767' title='bbox 2496 4473 2845 4561; x_wconf 76' lang='lat' dir='ltr'><strong>sunt_,_néque</strong></span> <span class='ocrx_word' id='word_1_768' title='bbox 2871 4478 3106 4558; x_wconf 77' lang='lat' dir='ltr'><strong>sermoni</strong></span> <span class='ocrx_word' id='word_1_769' title='bbox 3122 4473 3145 4541; x_wconf 69' lang='grc'><strong>“,</strong></span> <span class='ocrx_word' id='word_1_770' title='bbox 3176 4477 3267 4545; x_wconf 89' lang='lat' dir='ltr'><strong>qui</strong></span> <span class='ocrx_word' id='word_1_771' title='bbox 3322 4473 3541 4561; x_wconf 62' lang='lat' dir='ltr'><strong>minime</strong></span> <span class='ocrx_word' id='word_1_772' title='bbox 3585 4473 3834 4561; x_wconf 63' lang='lat' dir='ltr'><strong>stupida</strong></span> 
     </span>
    </p>
   </div>
   <div class='ocr_carea' id='block_1_105' title="bbox 2250 4542 3830 4619">
    <p class='ocr_par' dir='ltr' id='par_1_105' title="bbox 2250 4542 3830 4619">
     <span class='ocr_line' id='line_1_108' title="bbox 2250 4542 3830 4619; baseline -0.001 -18"><span class='ocrx_word' id='word_1_773' title='bbox 2250 4542 2464 4619; x_wconf 83' lang='lat' dir='ltr'><strong>acrique</strong></span> <span class='ocrx_word' id='word_1_774' title='bbox 2491 4542 2929 4619; x_wconf 33' lang='lat' dir='ltr'><strong>prxeditosfsensu</strong></span> <span class='ocrx_word' id='word_1_775' title='bbox 2964 4542 3222 4619; x_wconf 56' lang='lat' dir='ltr'><strong>castigat}</strong></span> <span class='ocrx_word' id='word_1_776' title='bbox 3254 4545 3358 4601; x_wconf 85' lang='lat' dir='ltr'><strong>sed</strong></span> <span class='ocrx_word' id='word_1_777' title='bbox 3377 4547 3538 4619; x_wconf 65' lang='lat' dir='ltr'><strong>virga</strong></span> <span class='ocrx_word' id='word_1_778' title='bbox 3587 4542 3780 4600; x_wconf 60' lang='lat' dir='ltr'><strong>ferrea</strong></span> <span class='ocrx_word' id='word_1_779' title='bbox 3811 4561 3830 4619; x_wconf 68' lang='grc' dir='ltr'>ξ</span> 
     </span>
    </p>
   </div>
   <div class='ocr_carea' id='block_1_106' title="bbox 2251 4615 3834 4688">
    <p class='ocr_par' dir='ltr' id='par_1_106' title="bbox 2251 4615 3834 4688">
     <span class='ocr_line' id='line_1_109' title="bbox 2251 4615 3834 4688; baseline -0.001 -17"><span class='ocrx_word' id='word_1_780' title='bbox 2251 4633 2312 4672; x_wconf 91' lang='lat' dir='ltr'><strong>ac</strong></span> <span class='ocrx_word' id='word_1_781' title='bbox 2342 4615 2709 4688; x_wconf 66' lang='lat' dir='ltr'><strong>sinpeiiume&#39;ro</strong></span> <span class='ocrx_word' id='word_1_782' title='bbox 2737 4617 2880 4688; x_wconf 91' lang='lat' dir='ltr'><strong>illam</strong></span> <span class='ocrx_word' id='word_1_783' title='bbox 2934 4615 3254 4688; x_wconf 73' lang='lat' dir='ltr'><strong>submut&#39;ere</strong></span> <span class='ocrx_word' id='word_1_784' title='bbox 3306 4615 3482 4670; x_wconf 86' lang='lat' dir='ltr'><strong>conati</strong></span> <span class='ocrx_word' id='word_1_785' title='bbox 3520 4623 3685 4688; x_wconf 66' lang='lat' dir='ltr'><strong>sunt,</strong></span> <span class='ocrx_word' id='word_1_786' title='bbox 3726 4615 3834 4688; x_wconf 77' lang='lat' dir='ltr'><strong>sed</strong></span> 
     </span>
    </p>
   </div>
   <div class='ocr_carea' id='block_1_107' title="bbox 2250 4684 3833 4758">
    <p class='ocr_par' dir='ltr' id='par_1_107' title="bbox 2250 4684 3833 4758">
     <span class='ocr_line' id='line_1_110' title="bbox 2250 4684 3833 4758; baseline -0.003 -14"><span class='ocrx_word' id='word_1_787' title='bbox 2250 4684 2654 4758; x_wconf 77' lang='lat' dir='ltr'><strong>comprehendit</strong></span> <span class='ocrx_word' id='word_1_788' title='bbox 2682 4702 2776 4742; x_wconf 84' lang='lat' dir='ltr'><strong>eos</strong></span> <span class='ocrx_word' id='word_1_789' title='bbox 2803 4687 2949 4758; x_wconf 82' lang='lat' dir='ltr'><strong>virga</strong></span> <span class='ocrx_word' id='word_1_790' title='bbox 2971 4685 3143 4758; x_wconf 79' lang='lat' dir='ltr'><strong>ferrea</strong></span> <span class='ocrx_word' id='word_1_791' title='bbox 3167 4727 3183 4751; x_wconf 93' lang='lat'><strong>,</strong></span> <span class='ocrx_word' id='word_1_792' title='bbox 3210 4699 3484 4758; x_wconf 75' lang='lat' dir='ltr'><strong>_qu:e_non</strong></span> <span class='ocrx_word' id='word_1_793' title='bbox 3511 4684 3833 4754; x_wconf 82' lang='lat' dir='ltr'><strong>simpliciter</strong></span> 
     </span>
    </p>
   </div>
   <div class='ocr_carea' id='block_1_108' title="bbox 2251 4755 3835 4829">
    <p class='ocr_par' dir='ltr' id='par_1_108' title="bbox 2251 4755 3835 4829">
     <span class='ocr_line' id='line_1_111' title="bbox 2251 4755 3835 4829; baseline -0.003 -15"><span class='ocrx_word' id='word_1_794' title='bbox 2251 4755 2495 4829; x_wconf 76' lang='lat' dir='ltr'><strong>percutit,</strong></span> <span class='ocrx_word' id='word_1_795' title='bbox 2551 4757 2664 4829; x_wconf 84' lang='lat' dir='ltr'><strong>sed</strong></span> <span class='ocrx_word' id='word_1_796' title='bbox 2694 4772 2726 4829; x_wconf 86' lang='lat' dir='ltr'><strong>e</strong></span> <span class='ocrx_word' id='word_1_797' title='bbox 2765 4757 2942 4829; x_wconf 81' lang='lat' dir='ltr'><strong>medio</strong></span> <span class='ocrx_word' id='word_1_798' title='bbox 2991 4757 3144 4829; x_wconf 75' lang='lat' dir='ltr'><strong>tollit.</strong></span> <span class='ocrx_word' id='word_1_799' title='bbox 3197 4755 3314 4829; x_wconf 81' lang='lat' dir='ltr'><strong>Quo</strong></span> <span class='ocrx_word' id='word_1_800' title='bbox 3358 4755 3560 4829; x_wconf 84' lang='lat' dir='ltr'><strong>itaque_</strong></span> <span class='ocrx_word' id='word_1_801' title='bbox 3588 4763 3835 4822; x_wconf 86' lang='lat' dir='ltr'><strong>tempore</strong></span> 
     </span>
    </p>
   </div>
   <div class='ocr_carea' id='block_1_109' title="bbox 2249 4825 3814 4898">
    <p class='ocr_par' dir='ltr' id='par_1_109' title="bbox 2249 4825 3814 4898">
     <span class='ocr_line' id='line_1_112' title="bbox 2249 4825 3814 4898; baseline -0.004 -15"><span class='ocrx_word' id='word_1_802' title='bbox 2249 4825 2392 4898; x_wconf 75' lang='lat' dir='ltr'><strong>virga</strong></span> <span class='ocrx_word' id='word_1_803' title='bbox 2414 4828 2582 4883; x_wconf 78' lang='lat' dir='ltr'><strong>ferrea</strong></span> <span class='ocrx_word' id='word_1_804' title='bbox 2600 4827 2968 4898; x_wconf 60' lang='lat' dir='ltr'><strong>initiunlcepit</strong></span> <span class='ocrx_word' id='word_1_805' title='bbox 3010 4825 3318 4895; x_wconf 85' lang='lat' dir='ltr'><strong>imperantis</strong></span> <span class='ocrx_word' id='word_1_806' title='bbox 3344 4825 3583 4898; x_wconf 57' lang='grc' dir='ltr'><strong>ᾼιιςιιξιίΔ</strong></span> <span class='ocrx_word' id='word_1_807' title='bbox 3613 4832 3772 4898; x_wconf 81' lang='lat' dir='ltr'><strong>:etat_e</strong></span> <span class='ocrx_word' id='word_1_808' title='bbox 3795 4864 3814 4890; x_wconf 90' lang='lat'><strong>,</strong></span> 
     </span>
    </p>
   </div>
   <div class='ocr_carea' id='block_1_110' title="bbox 2253 4892 3836 4962">
    <p class='ocr_par' dir='ltr' id='par_1_110' title="bbox 2253 4892 3836 4962">
     <span class='ocr_line' id='line_1_113' title="bbox 2253 4892 3836 4962; baseline -0.004 -8"><span class='ocrx_word' id='word_1_809' title='bbox 2253 4892 2378 4954; x_wconf 58' lang='lat' dir='ltr'><strong>tun&#39;c</strong></span> <span class='ocrx_word' id='word_1_810' title='bbox 2405 4900 2652 4953; x_wconf 91' lang='lat' dir='ltr'><strong>nimirum</strong></span> <span class='ocrx_word' id='word_1_811' title='bbox 2693 4907 2747 4951; x_wconf 93' lang='lat' dir='ltr'><strong>et</strong></span> <span class='ocrx_word' id='word_1_812' title='bbox 2770 4892 3013 4949; x_wconf 81' lang='lat' dir='ltr'><strong>Christus</strong></span> <span class='ocrx_word' id='word_1_813' title='bbox 3039 4892 3122 4950; x_wconf 78' lang='lat' dir='ltr'><strong>est</strong></span> <span class='ocrx_word' id='word_1_814' title='bbox 3151 4907 3324 4949; x_wconf 91' lang='lat' dir='ltr'><strong>natus.</strong></span> <span class='ocrx_word' id='word_1_815' title='bbox 3355 4893 3677 4962; x_wconf 83' lang='lat' dir='ltr'><strong>Principium</strong></span> <span class='ocrx_word' id='word_1_816' title='bbox 3721 4892 3836 4947; x_wconf 79' lang='lat' dir='ltr'><strong>Ro-</strong></span> 
     </span>
    </p>
   </div>
   <div class='ocr_carea' id='block_1_111' title="bbox 2251 4965 3835 5038">
    <p class='ocr_par' dir='ltr' id='par_1_111' title="bbox 2251 4965 3835 5038">
     <span class='ocr_line' id='line_1_114' title="bbox 2251 4965 3835 5038; baseline -0.004 -15"><span class='ocrx_word' id='word_1_817' title='bbox 2251 4985 2529 5023; x_wconf 88' lang='lat' dir='ltr'><strong>manorum</strong></span> <span class='ocrx_word' id='word_1_818' title='bbox 2551 4968 2867 5038; x_wconf 90' lang='lat' dir='ltr'><strong>principium</strong></span> <span class='ocrx_word' id='word_1_819' title='bbox 2892 4965 3282 5038; x_wconf 65' lang='lat' dir='ltr'><strong>praedicationis</strong></span> <span class='ocrx_word' id='word_1_820' title='bbox 3300 5007 3319 5038; x_wconf 75' lang='lat'><strong>_,</strong></span> <span class='ocrx_word' id='word_1_821' title='bbox 3351 4973 3596 5032; x_wconf 82' lang='lat' dir='ltr'><strong>quartum</strong></span> <span class='ocrx_word' id='word_1_822' title='bbox 3621 4973 3835 5038; x_wconf 77' lang='lat' dir='ltr'><strong>tempo-</strong></span> 
     </span>
    </p>
   </div>
   <div class='ocr_carea' id='block_1_112' title="bbox 2251 5034 3832 5110">
    <p class='ocr_par' dir='ltr' id='par_1_112' title="bbox 2251 5034 3832 5110">
     <span class='ocr_line' id='line_1_115' title="bbox 2251 5034 3832 5110; baseline -0.004 -16"><span class='ocrx_word' id='word_1_823' title='bbox 2251 5055 2367 5094; x_wconf 88' lang='lat' dir='ltr'><strong>rum</strong></span> <span class='ocrx_word' id='word_1_824' title='bbox 2390 5034 2632 5110; x_wconf 55' lang='lat' dir='ltr'><strong>regnu&#39;m.</strong></span> <span class='ocrx_word' id='word_1_825' title='bbox 2663 5034 2787 5110; x_wconf 55' lang='lat' dir='ltr'><strong>[hec</strong></span> <span class='ocrx_word' id='word_1_826' title='bbox 2837 5038 2978 5110; x_wconf 82' lang='lat' dir='ltr'><strong>enim</strong></span> <span class='ocrx_word' id='word_1_827' title='bbox 3004 5035 3142 5110; x_wconf 74' lang='lat' dir='ltr'><strong>apud</strong></span> <span class='ocrx_word' id='word_1_828' title='bbox 3166 5035 3452 5110; x_wconf 75' lang='lat' dir='ltr'><strong>prophetas</strong></span> <span class='ocrx_word' id='word_1_829' title='bbox 3503 5035 3730 5105; x_wconf 85' lang='lat' dir='ltr'><strong>mystice</strong></span> <span class='ocrx_word' id='word_1_830' title='bbox 3775 5034 3832 5110; x_wconf 76' lang='lat' dir='ltr'><strong>in</strong></span> 
     </span>
    </p>
   </div>
   <div class='ocr_carea' id='block_1_113' title="bbox 2252 5104 3830 5174">
    <p class='ocr_par' dir='ltr' id='par_1_113' title="bbox 2252 5104 3830 5174">
     <span class='ocr_line' id='line_1_116' title="bbox 2252 5104 3830 5174; baseline -0.005 -10"><span class='ocrx_word' id='word_1_831' title='bbox 2252 5104 2482 5164; x_wconf 77' lang='lat' dir='ltr'><strong>futurum</strong></span> <span class='ocrx_word' id='word_1_832' title='bbox 2507 5107 2778 5163; x_wconf 88' lang='lat' dir='ltr'><strong>recondita</strong></span> <span class='ocrx_word' id='word_1_833' title='bbox 2803 5106 2987 5159; x_wconf 85' lang='lat' dir='ltr'><strong>videre</strong></span> <span class='ocrx_word' id='word_1_834' title='bbox 3007 5105 3128 5160; x_wconf 91' lang='lat' dir='ltr'><strong>licet</strong></span> <span class='ocrx_word' id='word_1_835' title='bbox 3149 5121 3164 5157; x_wconf 88' lang='lat'><strong>:</strong></span> <span class='ocrx_word' id='word_1_836' title='bbox 3189 5105 3320 5159; x_wconf 85' lang='lat' dir='ltr'><strong>nihil</strong></span> <span class='ocrx_word' id='word_1_837' title='bbox 3344 5106 3553 5174; x_wconf 79' lang='lat' dir='ltr'><strong>quippe</strong></span> <span class='ocrx_word' id='word_1_838' title='bbox 3564 5104 3676 5157; x_wconf 86' lang='lat' dir='ltr'><strong>non</strong></span> <span class='ocrx_word' id='word_1_839' title='bbox 3695 5104 3830 5174; x_wconf 62' lang='lat' dir='ltr'><strong>scri-</strong></span> 
     </span>
    </p>
   </div>
   <div class='ocr_carea' id='block_1_114' title="bbox 2252 5172 3835 5250">
    <p class='ocr_par' dir='ltr' id='par_1_114' title="bbox 2252 5172 3835 5250">
     <span class='ocr_line' id='line_1_117' title="bbox 2252 5172 3835 5250; baseline -0.004 -17"><span class='ocrx_word' id='word_1_840' title='bbox 2252 5189 2400 5250; x_wconf 90' lang='lat' dir='ltr'><strong>ptum</strong></span> <span class='ocrx_word' id='word_1_841' title='bbox 2427 5175 2991 5250; x_wconf 75' lang='lat' dir='ltr'><strong>reperitu_r__neque_in</strong></span> <span class='ocrx_word' id='word_1_842' title='bbox 3015 5175 3182 5240; x_wconf 83' lang='lat' dir='ltr'><strong>Novo,</strong></span> <span class='ocrx_word' id='word_1_843' title='bbox 3212 5172 3384 5243; x_wconf 83' lang='lat' dir='ltr'><strong>neque</strong></span> <span class='ocrx_word' id='word_1_844' title='bbox 3429 5172 3490 5250; x_wconf 38' lang='lat' dir='ltr'><strong>in“</strong></span> <span class='ocrx_word' id='word_1_845' title='bbox 3515 5173 3707 5250; x_wconf 59' lang='lat' dir='ltr'><strong>Veteri</strong></span> <span class='ocrx_word' id='word_1_846' title='bbox 3727 5172 3835 5227; x_wconf 83' lang='lat' dir='ltr'><strong>Te-</strong></span> 
     </span>
    </p>
   </div>
   <div class='ocr_carea' id='block_1_115' title="bbox 2253 5238 3836 5313">
    <p class='ocr_par' dir='ltr' id='par_1_115' title="bbox 2253 5238 3836 5313">
     <span class='ocr_line' id='line_1_118' title="bbox 2253 5238 3836 5313; baseline -0.004 -9"><span class='ocrx_word' id='word_1_847' title='bbox 2253 5238 2543 5313; x_wconf 77' lang='lat' dir='ltr'><strong>stamento;</strong></span> <span class='ocrx_word' id='word_1_848' title='bbox 2573 5248 2667 5303; x_wconf 88' lang='lat' dir='ltr'><strong>sed</strong></span> <span class='ocrx_word' id='word_1_849' title='bbox 2696 5238 2863 5301; x_wconf 82' lang='lat' dir='ltr'><strong>Vetus</strong></span> <span class='ocrx_word' id='word_1_850' title='bbox 2891 5245 3094 5299; x_wconf 85' lang='lat' dir='ltr'><strong>Novum</strong></span> <span class='ocrx_word' id='word_1_851' title='bbox 3118 5238 3506 5313; x_wconf 66' lang='lat' dir='ltr'><strong>prmoccupavit</strong></span> <span class='ocrx_word' id='word_1_852' title='bbox 3525 5285 3539 5306; x_wconf 97' lang='lat'><strong>,</strong></span> <span class='ocrx_word' id='word_1_853' title='bbox 3568 5253 3623 5296; x_wconf 92' lang='lat' dir='ltr'><strong>et</strong></span> <span class='ocrx_word' id='word_1_854' title='bbox 3667 5238 3836 5298; x_wconf 84' lang='lat' dir='ltr'><strong>Vetus</strong></span> 
     </span>
    </p>
   </div>
   <div class='ocr_carea' id='block_1_116' title="bbox 2255 5313 3833 5389">
    <p class='ocr_par' dir='ltr' id='par_1_116' title="bbox 2255 5313 3833 5389">
     <span class='ocr_line' id='line_1_119' title="bbox 2255 5313 3833 5389; baseline -0.009 -13"><span class='ocrx_word' id='word_1_855' title='bbox 2255 5324 2656 5389; x_wconf 87' lang='lat' dir='ltr'><strong>interpretatum</strong></span> <span class='ocrx_word' id='word_1_856' title='bbox 2683 5325 2768 5371; x_wconf 89' lang='lat' dir='ltr'><strong>est</strong></span> <span class='ocrx_word' id='word_1_857' title='bbox 2795 5316 3019 5369; x_wconf 87' lang='lat' dir='ltr'><strong>Novum.</strong></span> <span class='ocrx_word' id='word_1_858' title='bbox 3047 5318 3286 5389; x_wconf 68' lang='lat' dir='ltr'><strong>Acsazpe</strong></span> <span class='ocrx_word' id='word_1_859' title='bbox 3329 5314 3436 5368; x_wconf 79' lang='lat' dir='ltr'><strong>dixi</strong></span> <span class='ocrx_word' id='word_1_860' title='bbox 3489 5315 3596 5367; x_wconf 90' lang='lat' dir='ltr'><strong>duo</strong></span> <span class='ocrx_word' id='word_1_861' title='bbox 3639 5313 3833 5367; x_wconf 81' lang='lat' dir='ltr'><strong>Testa-</strong></span> 
     </span>
    </p>
   </div>
   <div class='ocr_carea' id='block_1_117' title="bbox 2253 5385 3835 5454">
    <p class='ocr_par' dir='ltr' id='par_1_117' title="bbox 2253 5385 3835 5454">
     <span class='ocr_line' id='line_1_120' title="bbox 2253 5385 3835 5454; baseline -0.006 -9"><span class='ocrx_word' id='word_1_862' title='bbox 2253 5385 2431 5445; x_wconf 80' lang='lat' dir='ltr'><strong>menta</strong></span> <span class='ocrx_word' id='word_1_863' title='bbox 2457 5405 2576 5444; x_wconf 85' lang='lat' dir='ltr'><strong>esse</strong></span> <span class='ocrx_word' id='word_1_864' title='bbox 2603 5401 2656 5444; x_wconf 91' lang='lat' dir='ltr'><strong>et</strong></span> <span class='ocrx_word' id='word_1_865' title='bbox 2675 5389 2808 5440; x_wconf 90' lang='lat' dir='ltr'><strong>duas</strong></span> <span class='ocrx_word' id='word_1_866' title='bbox 2849 5391 3067 5439; x_wconf 85' lang='lat' dir='ltr'><strong>anettlas</strong></span> <span class='ocrx_word' id='word_1_867' title='bbox 3115 5385 3352 5454; x_wconf 87' lang='lat' dir='ltr'><strong>duasque</strong></span> <span class='ocrx_word' id='word_1_868' title='bbox 3393 5398 3606 5454; x_wconf 74' lang='lat' dir='ltr'><strong>sorores</strong></span> <span class='ocrx_word' id='word_1_869' title='bbox 3630 5424 3646 5446; x_wconf 90' lang='lat'><strong>,</strong></span> <span class='ocrx_word' id='word_1_870' title='bbox 3707 5398 3835 5454; x_wconf 70' lang='lat' dir='ltr'><strong>gnte</strong></span> 
     </span>
    </p>
   </div>
   <div class='ocr_carea' id='block_1_118' title="bbox 2255 5451 3838 5521">
    <p class='ocr_par' dir='ltr' id='par_1_118' title="bbox 2255 5451 3838 5521">
     <span class='ocr_line' id='line_1_121' title="bbox 2255 5451 3838 5521; baseline -0.006 -5"><span class='ocrx_word' id='word_1_871' title='bbox 2255 5463 2534 5517; x_wconf 89' lang='lat' dir='ltr'><strong>Dominum</strong></span> <span class='ocrx_word' id='word_1_872' title='bbox 2557 5473 2718 5512; x_wconf 92' lang='lat' dir='ltr'><strong>unum</strong></span> <span class='ocrx_word' id='word_1_873' title='bbox 2735 5456 3020 5510; x_wconf 88' lang='lat' dir='ltr'><strong>satellitum</strong></span> <span class='ocrx_word' id='word_1_874' title='bbox 3035 5456 3086 5508; x_wconf 92' lang='lat' dir='ltr'><strong>in</strong></span> <span class='ocrx_word' id='word_1_875' title='bbox 3103 5451 3306 5508; x_wconf 82' lang='lat' dir='ltr'><strong>morem</strong></span> <span class='ocrx_word' id='word_1_876' title='bbox 3329 5454 3544 5521; x_wconf 79' lang='lat' dir='ltr'><strong>Stipant.</strong></span> <span class='ocrx_word' id='word_1_877' title='bbox 3571 5451 3838 5507; x_wconf 83' lang='lat' dir='ltr'><strong>Dominus</strong></span> 
     </span>
    </p>
   </div>
   <div class='ocr_carea' id='block_1_119' title="bbox 2254 5522 3837 5600">
    <p class='ocr_par' dir='ltr' id='par_1_119' title="bbox 2254 5522 3837 5600">
     <span class='ocr_line' id='line_1_122' title="bbox 2254 5522 3837 5600; baseline -0.006 -16"><span class='ocrx_word' id='word_1_878' title='bbox 2254 5532 2392 5600; x_wconf 88' lang='lat' dir='ltr'><strong>apud</strong></span> <span class='ocrx_word' id='word_1_879' title='bbox 2419 5531 2703 5598; x_wconf 87' lang='lat' dir='ltr'><strong>prophetas</strong></span> <span class='ocrx_word' id='word_1_880' title='bbox 2721 5527 3083 5591; x_wconf 89' lang='lat' dir='ltr'><strong>annuntiatur,</strong></span> <span class='ocrx_word' id='word_1_881' title='bbox 3113 5525 3359 5600; x_wconf 79' lang='lat' dir='ltr'><strong>Christus</strong></span> <span class='ocrx_word' id='word_1_882' title='bbox 3385 5525 3435 5600; x_wconf 84' lang='lat' dir='ltr'><strong>in</strong></span> <span class='ocrx_word' id='word_1_883' title='bbox 3458 5524 3604 5600; x_wconf 62' lang='lat' dir='ltr'><strong>lVovo</strong></span> <span class='ocrx_word' id='word_1_884' title='bbox 3635 5522 3837 5588; x_wconf 58' lang='lat' dir='ltr'><strong>pradi-</strong></span> 
     </span>
    </p>
   </div>
   <div class='ocr_carea' id='block_1_120' title="bbox 2253 5594 3832 5662">
    <p class='ocr_par' dir='ltr' id='par_1_120' title="bbox 2253 5594 3832 5662">
     <span class='ocr_line' id='line_1_123' title="bbox 2253 5594 3832 5662; baseline -0.009 -3"><span class='ocrx_word' id='word_1_885' title='bbox 2253 5594 2404 5659; x_wconf 75' lang='lat' dir='ltr'><strong>catur</strong></span> <span class='ocrx_word' id='word_1_886' title='bbox 2419 5594 2446 5653; x_wconf 77' lang='grc' dir='ltr'>ἐ</span> <span class='ocrx_word' id='word_1_887' title='bbox 2476 5594 2580 5653; x_wconf 78' lang='lat' dir='ltr'><strong>non</strong></span> <span class='ocrx_word' id='word_1_888' title='bbox 2599 5613 2734 5652; x_wconf 90' lang='lat' dir='ltr'><strong>nova</strong></span> <span class='ocrx_word' id='word_1_889' title='bbox 2761 5605 2884 5649; x_wconf 87' lang='lat' dir='ltr'><strong>sunt</strong></span> <span class='ocrx_word' id='word_1_890' title='bbox 2909 5611 3069 5659; x_wconf 88' lang='lat' dir='ltr'><strong>nova,</strong></span> <span class='ocrx_word' id='word_1_891' title='bbox 3091 5606 3270 5648; x_wconf 86' lang='lat' dir='ltr'><strong>vetera</strong></span> <span class='ocrx_word' id='word_1_892' title='bbox 3301 5594 3560 5662; x_wconf 88' lang='lat' dir='ltr'><strong>siquidem</strong></span> <span class='ocrx_word' id='word_1_893' title='bbox 3593 5607 3832 5662; x_wconf 59' lang='lat' dir='ltr'><strong>praeces-</strong></span> 
     </span>
    </p>
   </div>
   <div class='ocr_carea' id='block_1_121' title="bbox 2254 5661 3836 5742">
    <p class='ocr_par' dir='ltr' id='par_1_121' title="bbox 2254 5661 3836 5742">
     <span class='ocr_line' id='line_1_124' title="bbox 2254 5661 3836 5742; baseline -0.007 -16"><span class='ocrx_word' id='word_1_894' title='bbox 2254 5682 2442 5727; x_wconf 82' lang='lat' dir='ltr'><strong>serunt</strong></span> <span class='ocrx_word' id='word_1_895' title='bbox 2457 5689 2470 5724; x_wconf 91' lang='lat'><strong>:</strong></span> <span class='ocrx_word' id='word_1_896' title='bbox 2488 5684 2590 5724; x_wconf 91' lang='lat' dir='ltr'><strong>non</strong></span> <span class='ocrx_word' id='word_1_897' title='bbox 2611 5668 2870 5722; x_wconf 77' lang='lat' dir='ltr'><strong>exstincta</strong></span> <span class='ocrx_word' id='word_1_898' title='bbox 2891 5675 3013 5742; x_wconf 78' lang='lat' dir='ltr'><strong>sunt</strong></span> <span class='ocrx_word' id='word_1_899' title='bbox 3036 5675 3239 5742; x_wconf 64' lang='lat' dir='ltr'><strong>vetera,</strong></span> <span class='ocrx_word' id='word_1_900' title='bbox 3254 5664 3448 5742; x_wconf 79' lang='lat' dir='ltr'><strong>quippe</strong></span> <span class='ocrx_word' id='word_1_901' title='bbox 3467 5679 3585 5742; x_wconf 58' lang='lat' dir='ltr'><strong>qnte</strong></span> <span class='ocrx_word' id='word_1_902' title='bbox 3608 5664 3658 5715; x_wconf 91' lang='lat' dir='ltr'><strong>in</strong></span> <span class='ocrx_word' id='word_1_903' title='bbox 3683 5661 3836 5742; x_wconf 55' lang='lat' dir='ltr'><strong>{iove</strong></span> 
     </span>
    </p>
   </div>
   <div class='ocr_carea' id='block_1_122' title="bbox 2256 5731 3834 5806">
    <p class='ocr_par' dir='ltr' id='par_1_122' title="bbox 2256 5731 3834 5806">
     <span class='ocr_line' id='line_1_125' title="bbox 2256 5731 3834 5806; baseline -0.008 -8"><span class='ocrx_word' id='word_1_904' title='bbox 2256 5744 2596 5798; x_wconf 87' lang='lat' dir='ltr'><strong>Testamento</strong></span> <span class='ocrx_word' id='word_1_905' title='bbox 2619 5747 2743 5793; x_wconf 89' lang='lat' dir='ltr'><strong>sunt</strong></span> <span class='ocrx_word' id='word_1_906' title='bbox 2767 5737 3025 5806; x_wconf 77' lang='lat' dir='ltr'><strong>exposita.</strong></span> <span class='ocrx_word' id='word_1_907' title='bbox 3058 5731 3640 5806; x_wconf 32' lang='lat' dir='ltr'><strong>Enimvero—Daniclem</strong></span> <span class='ocrx_word' id='word_1_908' title='bbox 3682 5731 3834 5786; x_wconf 83' lang='lat' dir='ltr'><strong>illum</strong></span> 
     </span>
    </p>
   </div>
   <div class='ocr_carea' id='block_1_123' title="bbox 2253 5803 3833 5884">
    <p class='ocr_par' dir='ltr' id='par_1_123' title="bbox 2253 5803 3833 5884">
     <span class='ocr_line' id='line_1_126' title="bbox 2253 5803 3833 5884; baseline -0.01 -12"><span class='ocrx_word' id='word_1_909' title='bbox 2253 5814 2446 5872; x_wconf 88' lang='lat' dir='ltr'><strong>intueri</strong></span> <span class='ocrx_word' id='word_1_910' title='bbox 2476 5820 2646 5884; x_wconf 80' lang='lat' dir='ltr'><strong>potes,</strong></span> <span class='ocrx_word' id='word_1_911' title='bbox 2663 5803 2915 5880; x_wconf 74' lang='lat' dir='ltr'><strong>juvenem</strong></span> <span class='ocrx_word' id='word_1_912' title='bbox 2945 5805 3160 5878; x_wconf 86' lang='lat' dir='ltr'><strong>quidem</strong></span> <span class='ocrx_word' id='word_1_913' title='bbox 3186 5811 3366 5876; x_wconf 61' lang='lat' dir='ltr'><strong>atate,</strong></span> <span class='ocrx_word' id='word_1_914' title='bbox 3399 5803 3679 5876; x_wconf 85' lang='lat' dir='ltr'><strong>prophetia</strong></span> <span class='ocrx_word' id='word_1_915' title='bbox 3699 5816 3833 5858; x_wconf 86' lang='lat' dir='ltr'><strong>vero</strong></span> 
     </span>
    </p>
   </div>
  </div>
