4066 6460
171 404 257 463 8i?

168 520 351 575 etenim
376 523 615 571 vestrum
639 508 919 567 Dominum
944 506 1072 562 estis
1094 504 1303 559 imitati.
1337 503 1535 575 Nautes
1558 497 1742 569 appel-

171 573 318 642 lat-to?
344 586 483 642 tales
510 584 655 638 enim
682 582 844 651 estis,
870 592 993 651 cum
1017 575 1403 651 _experimcnto
1449 573 1593 651 ipso__
1612 583 1742 651 pro;

168 637 628 713 ﬁnitimam“
657 637 983 706 sustinentis.
1008 637 1411 702 Gtthernatores
1427 637 1522 697 vos
1543 637 1746 713 dicanti

165 708 548 782 «inuidisses.
584 724 736 778 Sicut
774 711 1632 789 peritissimusgttbernator,_qui
1676 708 1743 789 ad

167 795 611 851 elzu-um'sedens
657 782 788 844 artis
834 788 1021 856 peritia
1059 782 1434 856 tempestatem
1459 782 1660 845 evitat,
1690 787 1747 833 et

167 868 480 932 incolumem
521 869 785 919 servatam
827 854 1123 932 navem‘ad
1164 854 1503 932 tranquillum
1537 860 1745 921 portmn

169 928 374 991 deducit
399 953 416 989 :
447 935 526 989 sic
548 942 606 988 et
631 945 727 985 vos
754 929 904 985 estis.
934 926 1042 982 Sed
1083 935 1136 980 et
1175 923 1471 990 discipulos
1514 937 1611 975 vos
1638 935 1733 972 vo-

165 1006 334 1062 cabo?
361 1005 543 1075 parati
555 1002 697 1058 enim
731 1001 862 1075 estis
883 996 949 1050 ad
975 996 1352 1075 obedientiam.
1376 995 1446 1047 At
1464 992 1749 1075 magistros

169 1061 500 1131 medicam?
531 1074 736 1133 Rursus
778 1070 971 1133 dicam,
1007 1066 1183 1122 EStis:
1216 1066 1379 1119 totius
1418 1061 1750 1133 enitn’iorbis

168 1146 402 1216 magistri
434 1144 630 1216 fuistis.
660 1141 796 1206 Quid
821 1153 949 1207 ergo
977 1135 1255 1216 dicemus?
1286 1133 1451 1187 ilodie
1473 1132 1625 1211 vobis
1653 1145 1749 1199 ap-

170 1206 364 1285 ponere
389 1211 720 1285 spiritualem
753 1206 991 1285 mensam
1035 1206 1161 1261 volo
1183 1245 1213 1285 ,.
1240 1218 1361 1273 qua:
1411 1217 1518 1256 non
1556 1208 1752 1285 corpus

166 1277 357 1349 reiicit,
403 1277 501 1340 sed
539 1282 791 1354 spiritum
835 1277 1121 1354 conﬁrmat
1151 1292 1167 1327 :
1202 1277 1488 1354 itno_ve_ro,
1530 1287 1652 1354 quae
1699 1280 1754 1354 et

168 1343 358 1425 corpus
402 1343 716 1425 reiicit-La
764 1348 994 1425 animam
1018 1417 1029 1425 _
1038 1355 1254 1425 purgat.
1298 1343 1444 1399 Talis
1487 1343 1628 1397 enim
1670 1350 1755 1395 est

170 1416 348 1480 mensa
377 1422 691 1493 spiritualis.
723 1434 829 1473 non
859 1419 995 1493 sicut
1017 1416 1107 1469 illa
1131 1417 1476 1493 gulosorum,
1503 1427 1622 1493 qua:
1660 1426 1751 1464 sa-

169 1481 594 1563 tietatem'parit.
618 1492 809 1563 Sermo
834 1481 1362 1563 quippe_spiritnalis
1394 1492 1505 1548 est,
1555 1481 1753 1562 bonum

171 1566 419 1621 emittens
438 1552 665 1618 odorem
688 1561 703 1591 ί
734 1578 747 1613 :
780 1552 941 1628 quem
968 1552 1057 1627 qui
1089 1552 1307 1610 revocat
1332 1555 1385 1608 in
1415 1552 1753 1628 memoriam,

172 1636 461 1689 nonaliter
492 1642 654 1701 atque
690 1630 735 1683 is
790 1622 877 1697 qni
932 1622 1259 1703 unguentum
1300 1623 1568 1703 comedit,
1620 1622 1755 1703 odo:

172 1720 279 1760 rem
321 1694 600 1759 suavitatis
643 1694 886 1764 eructat,
933 1707 988 1751 et
1011 1694 1139 1750 'non
1183 1698 1354 1748 solum
1399 1694 1565 1748 odore
1599 1694 1757 1764 sumi

173 1778 404 1845 seipsum
425 1781 654 1845 recreat,
676 1769 767 1823 sed
790 1778 843 1822 et
870 1762 1141 1845 proximos
1163 1766 1261 1845 sibi
1283 1762 1644 1845 suaveolentia
1668 1776 1759 1845 ιθ-

174 1832 296 1914 ριεὶ.
324 1834 616 1914 Attendite,
641 1832 829 1909 quaeso
854 1832 1119 1914 {verbum
1145 1836 1285 1889 enim
1321 1833 1565 1914 proferre
1596 1832 1753 1913 volo;

175 1904 291 1969 nam
322 1922 448 1968 sunt
480 1904 694 1980 quidam
726 1925 789 1962 ex
822 1906 1210 1980 urinatoribus,
1247 1906 1337 1974 qui
1382 1918 1441 1958 se
1478 1919 1509 1959 e
1547 1904 1667 1956 navi
1706 1904 1756 1953 in

176 2000 319 2039 mare
342 1977 635 2052 dcjiciunt,
667 1990 721 2032 ut
749 1977 1068 2047 profundum
1112 1983 1454 2052 perennant,
1486 1984 1540 2028 et
1576 1982 1759 2027 extra-

176 2055 301 2109 hant
330 2046 677 2122 margaritam
709 2046 851 2122 :gnos
880 2062 1008 2101 vero
1033 2046 1191 2099 «navis
1217 2046 1337 2122 loco
1373 2054 1525 2122 vetus
1565 2058 1628 2097 ac
1665 2057 1761 2095 nec

176 2140 291 2179 vum
311 2115 710 2178 Testamentum
735 2120 1011 2181 habentes,
1033 2130 1127 2184 pro
1142 2115 1503 2184 gubernaculo
1522 2127 1757 2175 crucem,

176 2210 269 2263 pro
295 2194 657 2263 gubernatore
686 2189 977 2251 Christum,
1008 2186 1125 2240 loco
1154 2194 1380 2263 proreta:
1409 2185 1641 2263 Patrem,
1665 2198 1761 2251 pro

173 2255 420 2335 ieph'yroi
449 2262 702 2335 Spiritum
752 2268 1167 2335 sanctum,__pt-o
1210 2257 1327 2335 velo
1370 2255 1595 2335 gratiam
1610 2293 1640 2335 ε.
1663 2266 1762 2333 pro

174 2323 349 2389 na'uti's
370 2323 680 2401 discipulos.
717 2344 811 2401 pro
840 2323 1481 2401 vectoribusprophe'tas,
1510 2323 1761 2401 projicia-

172 2419 289 2459 mus
328 2395 539 2457 nosmet
570 2395 728 2468 ipsos
743 2400 811 2454 de
848 2396 966 2468 navi
1000 2397 1050 2449 in
1081 2398 1297 2468 pelagus
1338 2395 1756 2468 sententiarum,

175 2490 275 2527 non
305 2484 364 2528 ut
394 2465 734 2543 margaritam
755 2511 769 2531 ,
801 2467 895 2543 sed
923 2475 979 2520 ttt
1007 2466 1148 2543 quod
1195 2465 1474 2531 margarita
1512 2473 1596 2519 est
1638 2479 1761 2532 pre-

174 2544 360 2597 tiosius
379 2584 395 2607 ,
430 2538 792 2596 extraltamus.
828 2538 1018 2591 Parate
1037 2539 1246 2607 animos
1277 2548 1517 2607 vestros,
1545 2548 1759 2607 quaem,

172 2622 224 2668 et
250 2624 355 2666 tota
383 2604 681 2666 intentione
704 2609 915 2671 mentis,
940 2622 1059 2676 qua:
1085 2605 1353 2669 dicuntur,
1376 2604 1556 2659 audite
1584 2621 1596 2655 :
1626 2604 1765 2660 sicut

173 2686 311 2737 enim
340 2694 467 2736 ante
496 2680 627 2745 dixi,
658 2679 939 2747 margarita
970 2676 1252 2745 pretiosius
1277 2676 1528 2747 quiddam
1551 2689 1614 2728 ex
1639 2689 1765 2742 pro-

174 2753 337 2808 fundo
354 2752 738 2806 sententiarum
760 2745 877 2802 sum
898 2754 1252 2800 extracturos.
1279 2745 1354 2799 Ne
1381 2745 1538 2814 igitur
1559 2754 1765 2814 vosmet

174 2824 474 2893 negligatis,
505 2820 910 2893 necLbrutorum
939 2817 1106 2869 instar
1130 2829 1223 2893 vos
1248 2813 1479 2884 geratis:
1505 2813 1762 2884 scriptum

172 2886 424 2948 οςῖεῆἱηι
457 2909 469 2944 :
506 2889 680 2943 Nolite
721 2889 913 2941 mittere
954 2886 1258 2953 margaritas
1305 2896 1423 2938 ante
1468 2900 1647 2953 porcos
1672 2925 1686 2949 ,
1717 2893 1766 2937 et

173 2966 323 3017 nolite
355 2962 604 3030 projicere
629 2969 806 3011 sancta
840 2954 1046 3030 ca_nib_us
1072 2952 1286 3030 (Manli.
1318 2952 1477 3030 Tuti).
1508 2952 1643 3030 Cum
1668 2970 1761 3008 au-

175 3046 277 3093 tem
311 3025 504 3101 porcos
529 3030 709 3093 audis,
740 3045 845 3083 non
876 3028 942 3101 de
973 3026 1142 3083 brutis
1185 3025 1767 3101 attitnalihus_:es_tim_es

172 3106 274 3157 dici
297 3095 323 3166 ;’
359 3112 414 3156 et
459 3115 620 3157 canes
661 3114 781 3152 cum
813 3097 1001 3161 audis,
1033 3111 1138 3149 non
1166 3095 1233 3151 de
1260 3097 1481 3150 canibus
1522 3095 1638 3149 iStis
1661 3095 1765 3148 dici

175 3183 347 3243 putes.
386 3172 584 3226 l‘orcos
612 3170 767 3243 enim
784 3177 936 3222 vocat
972 3180 1066 3243 eos
1103 3166 1199 3243 qui
1238 3167 1520 3243 luxuriose
1546 3166 1764 3243 vivunt;

173 3235 335 3298 canes
357 3251 511 3295 vocat
536 3256 648 3302 eos.
680 3239 770 3307 qui
798 3248 998 3293 temere
1025 3238 1076 3290 in
1103 3235 1381 3307 Dominum
1411 3236 1557 3292 rabie
1580 3235 1766 3307 perciti

175 3316 597 3369 insurrexerunt.
629 3306 808 3364 Facite
848 3322 976 3377 ergo
1016 3306 1338 3377 voscignos
1376 3308 1441 3362 ad
1472 3306 1771 3374 suscipien-

173 3386 297 3437 dam
342 3383 681 3451 margaritam
721 3394 880 3449 quam
918 3376 1079 3433 ’vohis
1127 3376 1283 3431 hodie
1322 3392 1441 3451 sum
1472 3377 1767 3451 oblaturus.

174 3446 873 3523 Siquidem'agricolm'non
906 3450 1171 3523 incassum
1200 3448 1632 3523 seminanttnisi
1676 3446 1772 3501 bo-

174 3516 269 3579 ves
300 3524 449 3593 prius
472 3516 761 3589 jtittxeriut,
793 3527 1105 3593 etas-atrum
1135 3518 1413 3593 duxerint,
1444 3516 1627 3583 spinas
1652 3531 1773 3593 cra-

174 3588 443 3655 dicarint,
476 3588 662 3647 sulcos
702 3589 1085 3658 proscidcrint;
1130 3599 1182 3641 ct
1220 3588 1299 3641 sic
1324 3589 1538 3642 demum
1567 3588 1770 3658 semina

178 3677 338 3718 terra:
383 3657 762 3739 committunt,
804 3670 859 3739 et
902 3674 1024 3715 cum
1058 3659 1417 3739 descenderit
1441 3657 1670 3739 pluvia,
1711 3658 1769 3739 in

177 3748 336 3789 teme
385 3734 590 3787 viscera
625 3748 687 3787 ea
731 3732 969 3793 delerat;
1019 3737 1074 3783 et
1116 3744 1237 3782 mox
1270 3739 1410 3783 terra
1441 3727 1505 3783 iis
1533 3727 1773 3796 exceptis

174 3808 381 3873 spicam
426 3804 687 3871 producit.
721 3800 1095 3873 Verumtamen
1145 3798 1230 3853 illa
1276 3800 1479 3873 sentina
1525 3797 1770 3873 hyemem

176 3869 517 3944 exspectant,
548 3884 601 3927 et
628 3880 867 3927 :cstatem
896 3884 953 3925 et
980 3870 1205 3944 imbrem
1233 3869 1502 3944 ca'lestcm
1522 3907 1536 3930 ,
1565 3878 1617 3921 et
1641 3870 1774 3923 solis

179 3939 380 4009 radios,
410 3956 464 3998 et
497 3944 686 3998 messis
718 3944 958 4013 tempus,
990 3950 1044 3994 et
1070 3941 1155 3993 illa
1188 3950 1315 3994 tunc
1341 3940 1393 3993 itt
1424 3939 1615 3993 horrea
1644 3955 1774 3992 con-

179 4016 423 4069 vehunt:
452 4024 506 4068 at
531 4030 631 4083 ego
657 4029 759 4067 non
791 4014 1035 4083 hyemetn
1057 4050 1073 4073 ,
1104 4026 1207 4064 non
1239 4020 1478 4083 testatem
1500 4050 1516 4072 ,
1550 4024 1646 4083 nec
1686 4024 1775 4061 ra-

177 4087 301 4140 dios
328 4086 461 4139 solis
483 4079 756 4150 exspecto,
783 4079 887 4137 neu
915 4081 1137 4136 imbrem
1160 4097 1175 4142 ;
1204 4097 1376 4150 neque
1402 4080 1495 4135 ὶιοι.
1507 4096 1565 4135 es
1585 4079 1773 4148 jungo,

179 4163 617 4228 nequeamtrum
642 4153 814 4228 duco.
842 4168 1015 4228 neque
1042 4152 1219 4228 sulcos
1247 4150 1567 4228 proscinde,
1602 4164 1777 4219 neque

178 4221 367 4294 apinae
411 4225 583 4279 evello
606 4243 620 4281 :
645 4225 905 4293 siquidem
930 4221 1109 4278 'bodie
1149 4223 1391 4285 semine,
1422 4221 1581 4276 hodie
1610 4228 1772 4294 meto.

179 4291 299 4351 Non
332 4299 478 4351 enim
521 4291 718 4350 excolo
739 4294 959 4349 rationis
992 4302 1267 4363 expertem
1300 4303 1494 4347 terram
1522 4332 1535 4353 .
1565 4291 1659 4345 sed
1687 4308 1776 4363 ra-g

182 4368 332 4420 tione
383 4366 658 4435 pranh‘tam
703 4378 933 4428 terram;
967 4382 1070 4419 non
1112 4380 1300 4420 sensus
1344 4372 1655 4435 expertem,
1682 4362 1777 4416 sed

179 4451 351 4492 sensu
383 4432 695 4500 prmdiutm;
744 4452 847 4491 non
893 4436 1069 4490 anima
1115 4446 1383 4489 carentem
1405 4473 1419 4495 ,
1450 4433 1543 4486 sed
1572 4432 1778 4485 anima-

183 4516 317 4561 tam.
354 4503 419 4559 Et
448 4507 567 4560 felix
597 4507 868 4576 egoquod
904 4506 1022 4560 talis
1050 4516 1206 4560 terra:
1238 4519 1355 4558 sum
1388 4503 1617 4576 agricola
1647 4517 1781 4556 eon-

180 4579 407 4632 stitutus
433 4594 446 4629 :
477 4586 601 4630 tunc
629 4573 770 4631 cnim
799 4578 984 4632 beatus
1012 4592 1151 4639 smn,
1178 4591 1298 4628 cutn
1331 4576 1382 4631 in
1409 4589 1566 4643 aures
1595 4573 1781 4643 loquor

180 4662 375 4702 eorum
418 4646 505 4715 qui
564 4646 806 4702 audiunt.
859 4648 926 4701 Et
980 4647 1168 4701 iterum
1212 4645 1342 4698 dicit
1381 4661 1394 4698 :
1432 4642 1782 4697 Inobedientia

180 4728 403 4788 mortem
430 4714 666 4785 cperamr
690 4715 877 4788 (-licclt.
908 4716 997 4771 25.
1028 4716 1117 4785 12)
1140 4718 1239 4784 (a).
1266 4714 1456 4788 Beatus
1478 4715 1636 4788 igitur
1656 4726 1776 4788 ego,

187 4787 332 4841 beati
359 4797 416 4841 et
440 4783 555 4840 vos.
586 4783 715 4841 Nam
741 4786 899 4843 Jesus
924 4788 976 4851 in
998 4783 1287 4855 Ev-ingelio
1306 4785 1434 4841 dicit
1458 4786 1523 4837 ad
1551 4783 1783 4855 discipu-

185 4858 271 4912 los
297 4872 425 4911 suos
452 4874 465 4909 :
490 4857 635 4909 Beati
661 4858 807 4920 estis,
854 4858 899 4911 si
939 4852 1217 4913 sermonem
1258 4871 1421 4909 meum
1470 4852 1784 4911 servaveritis

185 4928 374 4987 (Joan.
398 4927 450 4981 8.
480 4928 566 4982 50.
592 4928 708 4993 51).
740 4926 1014 4989 Attendite
1056 4926 1240 4993 igitur,
1289 4932 1343 4978 et
1382 4925 1605 4983 arrectis
1638 4924 1781 4977 auri-

188 4941 374 4987 (Joan.
398 4941 450 4981 δ.
480 4941 566 4982 au.
592 4941 708 4993 at).
740 4941 1014 4989 Attenatte
1056 4943 1066 4977 l
1112 4941 1240 4987 Illll‘,
1289 4941 1343 4978 et
1382 4941 1605 4983 arrecus
1638 4941 1781 4977 auri-

188 4998 314 5061 lnts,
348 5014 467 5065 qua:
492 4998 761 5062 dicuntur,
796 4998 1041 5064 excipite.
1071 4941 1202 5050 gelo
1223 4994 1365 5065 enim
1387 4994 1615 5065 quadam
1638 5008 1785 5045 eom-

188 5063 471 5138 paratione
498 5067 649 5121 vobis
669 5108 684 5131 ,
717 5067 841 5138 quid
884 5063 954 5121 sit
986 5067 1122 5119 Deus
1167 5063 1469 5138 ostendere.
1500 5063 1787 5130 Fingamus

185 5133 337 5189 enim
370 5137 535 5190 Demn
566 5139 713 5203 quasi
735 5133 1015 5190 hominem
1048 5137 1098 5194 in
1129 5137 1349 5203 scopulo
1379 5133 1690 5194 sedentem,
1734 5143 1789 5185 et

186 5208 389 5260 exinde
418 5207 830 5275 prospicientem
856 5210 906 5265 in
938 5208 1241 5259 ttnivcrsmtt
1274 5220 1439 5267 mare,
1472 5212 1527 5257 et
1548 5216 1709 5275 naves
1737 5204 1787 5255 in

185 5292 256 5330 eo
291 5272 653 5338 transeuntes,
684 5277 827 5346 quod
853 5278 922 5330 ob
953 5287 1228 5346 ventorum
1259 5275 1563 5346 violentiam
1600 5272 1791 5346 ﬂuctus

187 5347 396 5400 excitet
424 5362 486 5399 ac
513 5342 775 5415 procellas
800 5365 813 5398 :
846 5347 940 5400 sed
970 5345 1324 5415 peritissimus
1348 5342 1794 5415 gubernatore“-

188 5432 316 5483 quts
342 5412 675 5470 contendens
702 5431 824 5472 cum
857 5412 1125 5481 ﬂuctibus,
1154 5416 1328 5469 navim
1354 5412 1421 5468 ad
1451 5412 1790 5481 tranquillum

191 5610 508 5724 ‘Ie'erlatﬁ‘duo
533 5612 686 5673 Regii.
720 5618 771 5661 tn
817 5612 952 5661 Edito
981 5612 1109 5672 haec,
1133 5610 1307 5663 bonum
1337 5607 1555 5660 eminens
1576 5606 1795 5667 odorem,

285 5735 341 5791 a)
372 5740 508 5782 Hunc
549 5731 711 5784 locum
735 5746 831 5796 non
855 5734 1041 5796 reperi.
1069 5741 1240 5784 Locum
1266 5734 1433 5784 videas
1455 5732 1570 5783 huic
1590 5732 1708 5787 satis
1730 5732 1798 5781 si-

195 5794 392 5856 utilem,
414 5796 464 5843 in
487 5802 629 5846 neut.
654 5796 703 5847 8.
728 5794 809 5849 ΞΟ.

1194 389 1260 448 IN
1300 364 1793 444 νέκειιλιιιιειι
1831 376 2117 451 ceuceu
2156 380 2416 442 saeuo.

3353 392 3455 448 818

1855 508 2067 569 portum
2088 496 2359 574 deducere
2381 496 2583 574 studet,
2611 497 2751 574 quod
2781 500 3075 574 serotinum
3118 511 3330 574 tempus
3358 522 3458 562 eos

1854 568 2062 639 urgeat,
2087 569 2280 623 tintens
2302 584 2370 622 ne
2391 568 2529 622 forte
2550 569 2813 637 navigium
2843 571 2998 625 nudis
3019 568 3295 638 obruatur,
3329 590 3459 630 cum

1855 641 1989 695 alite
2020 653 2185 693 naves
2231 653 2491 710 prospero
2535 654 2695 710 cursu
2754 649 2952 703 rectam
3004 643 3142 696 viam
3198 652 3459 710 teneant,

1853 711 1975 765 alia;
2018 709 2297 764 ventorum
2346 709 2546 778 impetu
2589 709 3001 779 suhtttergantur
3045 721 3099 767 et
3146 709 3457 771 dissolvm?

1856 789 1981 853 t_ur,
2029 780 2158 835 dum
2205 779 2422 853 quidam
2480 780 2815 840 moriuntur.
2867 782 3084 853 quidam
3139 785 3460 853 superstites

1858 851 1992 905 ﬁunt
2013 892 2029 915 ,
2061 858 2116 905 et
2148 851 2345 905 misero
2371 858 2586 905 temone
2626 859 2877 919 correpto
2901 850 3132 907 evadunt
3160 893 3177 918 ,
3208 850 3460 910 iluctibas

1858 920 2173 976 decumanis
2214 918 2266 973 in
2297 930 2492 994 terram
2521 920 2675 990 eiecti
2700 961 2716 984 ,
2742 918 2800 994 et
2830 920 3059 994 aliorum
3083 937 3307 993 corpora
3345 925 3457 994 jam

1862 999 2193 1064 mortuorum
2223 988 2454 1059 proiecta
2485 988 2954 1064 certtttntuii‘_ll:ee
2977 1001 3154 1045 autem
3171 988 3273 1064 "qui
3304 988 3458 1055 sedet

1863 1061 2158 1129 inscepulo
2181 1070 2498 1115 contuetur:
2533 1059 2618 1114 ltic
2647 1076 2776 1115 vero
2806 1060 2948 1115 Deus
2978 1070 3058 1116 est
3077 1103 3094 1127 ,
3124 1059 3217 1122 et;
3249 1075 3300 1118 ut
3329 1076 3459 1121 ante

1802 1156 1814 1168 -
1857 1131 1990 1197 dixi,
2020 1131 2135 1185 haec
2169 1129 2221 1183 in
2270 1131 2516 1185 oratione
2553 1131 2672 1186 [icta
2714 1145 2971 1200 propono.
3020 1134 3249 1198 Quando
3272 1145 3454 1190 autem

1858 1200 2046 1257 dixero
2077 1201 2244 1255 Deum
2269 1200 2544 1257 sedentem
2577 1201 2629 1254 in
2655 1201 2904 1261 excelsis.
2947 1202 3052 1257 noli
3075 1203 3384 1261 existimare
3404 1205 3458 1267 in

1858 1271 2090 1348 excelsis
2114 1279 2317 1325 tantum
2331 1284 2458 1348 esse
2487 1271 2635 1348 illum
2656 1311 2673 1335 ,
2702 1270 2799 1348 sed
2827 1272 2987 1325 etiam
3020 1272 3250 1348 ubique:
3285 1272 3462 1348 neque

1859 1342 2004 1412 enim
2045 1341 2283 1395 locorum
2310 1341 2558 1395 distantia
2583 1341 2868 1412 separatur
2894 1383 2910 1406 ,
2956 1357 3078 1396 cmn
3120 1341 3232 1412 ipse
3258 1345 3357 1400 sibi
3372 1341 3463 1401 'sit

1860 1411 2034 1484 locus,
2066 1418 2123 1484 et
2151 1412 2264 1484 ipse
2282 1412 2460 1465 omnia
2476 1411 2685 1481 capiat,
2716 1411 2847 1465 nihil
2874 1421 3051 1466 autem
3081 1411 3231 1467 illum
3263 1416 3459 1484 capiat.

1862 1480 1998 1547 Quid
2027 1481 2167 1535 enim
2201 1483 2568 1553 incorpoream
2599 1489 2846 1553 naturam
2873 1496 3072 1553 capere
3115 1493 3293 1553 potest
3316 1480 3463 1549 [ex-

1863 1560 2069 1619 pertem
2097 1551 2332 1606 materia:
2352 1592 2371 1617 ,
2398 1550 2792 1607 interminatam
2822 1593 2837 1614 ,
2867 1550 3290 1622 investigabilem
3316 1596 3332 1620 ,
3361 1570 3461 1609 ex~

1865 1631 2069 1691 pertem
2088 1622 2352 1686 interitus,
2377 1622 2728 1676 immortalem
2755 1630 2810 1676 et
2838 1622 3463 1691 incomprehensibiMn?

1864 1689 1954 1745 Sic
1982 1692 2126 1747 enim
2171 1691 2311 1760 apud
2360 1691 2476 1759 pios
2517 1691 2801 1761 concipere
2839 1689 3049 1761 Oportet
3101 1694 3287 1747 Deum.
3340 1696 3466 1750 ll:ee

1864 1763 2007 1815 enim
2034 1770 2116 1816 est
2143 1776 2268 1830 spes
2290 1770 2492 1826 nostra,
2524 1762 2664 1816 sicut
2690 1763 2946 1830 scriptum
2968 1771 3083 1817 est:
3119 1762 3244 1818 Hac
3268 1767 3463 1820 estvita

1864 1840 2054 1916 acterna
2084 1871 2108 1916 ι
2130 1840 2183 1885 ιιι
2215 1842 2519 1916 cognoscant
2547 1841 2594 1916 te
2607 1831 2804 1916 'solum-
2818 1831 3214 1916 ΞσΒηι-υιξιιιη,
3244 1844 3290 1888 et
3318 1840 3491 1916 quem

1866 1871 2054 1955 mea:
2072 1871 2805 1983 ιεςῑιιςιῖιέῖδῖέιιλ’ξιξιῖιῖι
2818 1871 3000 1983 iis)?
3013 1871 3214 1983 ιςῖιῖιςε
3227 1871 3463 1983 stara;

1866 1986 1964 2025 nos
1983 1972 2381 2045 reprehendunt
2406 1971 2667 2045 haeretici,
2700 1982 2755 2028 et
2782 1983 2839 2027 ut
2868 1971 3098 2043 imperiti
3118 1971 3466 2045 sunt,leguut

1866 2051 1922 2112 et
1949 2056 2054 2094 non
2088 2041 2408 2112 intelligunt.
2440 2042 2715 2097 Christum
2745 2058 2873 2097 vero
2892 2041 3014 2097 cum
3041 2043 3217 2110 audis,
3252 2041 3463 2103 notisn-

1867 2110 2143 2183 lummodo
2172 2110 2335 2183 Deum
2367 2121 2520 2181 putes
2541 2151 2557 2177 ,
2600 2128 2773 2183 neque
2797 2113 2965 2168 solam
3008 2114 3465 2183 disltenmtionem

1868 2181 1921 2235 in
1951 2196 2133 2247 carne,
2162 2182 2255 2236 sed
2289 2179 2576 2251 utrumque
2605 2179 2761 2236 simul
2794 2224 2808 2247 ,
2854 2191 2910 2237 et
2934 2179 3107 2237 Deum
3142 2179 3468 2243 Verbumet

1866 2251 2322 2319 dispensationem
2342 2253 2392 2305 in
2409 2267 2593 2307 carne.
2624 2252 2900 2322 Siquidem
2923 2253 3179 2308 esuriisse
3192 2252 3463 2314 Christum

1866 2322 1978 2393 scio
2003 2364 2021 2393 ,
2052 2332 2109 2377 et
2131 2323 2245 2377 scio
2275 2322 2542 2378 Christum
2563 2322 2639 2393 de
2653 2323 2888 2393 quinque
2914 2324 3141 2393 panibus
3165 2333 3221 2378 et
3256 2324 3467 2383 duobus

1868 2392 2102 2514 piscibus
2127 2393 2350 2448 satiasse
2369 2394 2604 2475 quinque
2626 2391 2900 2473 hominum
2916 2391 3115 2475 'tnillia,
3130 2404 3329 2469 prteter
3349 2411 3471 2452 mu-

1890 2477 2032 2514 teres
2059 2471 2113 2514 et
2135 2463 2413 2514 parvulos:
2441 2477 2556 2514 scio
2583 2464 2855 2514 Christum
2882 2462 3025 2514 sittm
3059 2478 3271 2514 nassum
3302 2480 3424 2514 esse
3448 2509 3462 2514 _

1890 2463 2032 2533 ieres
2059 2471 2113 2533 et
2135 2463 2380 2530 parvulos
2396 2462 2413 2517 ':
2441 2465 2556 2518 scio
2583 2464 2855 2517 Christum
2882 2462 3025 2520 sitim
3058 2462 3271 2533 passum
3302 2480 3424 2522 esse
3448 2509 3463 2530 .

1868 2540 1923 2587 et
1941 2532 2055 2588 scio
2085 2532 2354 2589 Christum
2382 2548 2574 2603 aquam
2596 2534 2648 2603 in
2671 2534 2853 2588 vinum
2882 2532 3150 2590 mutasse:
3177 2539 3290 2591 scio
3312 2535 3470 2596 Chri-

1868 2612 2009 2688 stum
2035 2604 2341 2688 navigasse,
2366 2613 2421 2688 et
2448 2604 2563 2660 sci'o
2589 2602 2859 2688 Christum
2889 2619 3052 2675 super
3075 2619 3255 2688 aquas
3273 2608 3465 2688 ambu-

1869 2672 2009 2729 lasse
2033 2691 2047 2727 :
2078 2672 2192 2729 scio
2217 2674 2487 2731 Christum
2515 2689 2635 2730 esse
2662 2684 2932 2732 mortuum
2950 2672 2973 2736 ξ
2990 2685 3045 2730 et
3063 2672 3176 2731 scio
3196 2676 3465 2732 Christum

1870 2752 2120 2814 mortuos
2137 2746 2426 2799 suscitasse
2453 2763 2466 2799 :
2495 2745 2608 2799 scio
2636 2744 2909 2799 Christum
2955 2745 3127 2804 Pilato
3148 2746 3422 2802 adstitisse
3448 2789 3465 2814 ,

1869 2823 1926 2869 et
1950 2814 2063 2868 scio
2085 2812 2357 2869 Christum
2385 2816 2450 2870 ad
2472 2816 2646 2870 Patris
2674 2816 2952 2871 dexteram
2976 2817 3327 2873 consedisse:
3354 2812 3467 2875 scio

1870 2884 2140 2957 Christum
2168 2900 2198 2938 a
2222 2885 2623 2957 Judmisfsputis
2650 2883 2818 2941 fuisse
2844 2900 3197 2957 conspersum
3228 2929 3246 2955 ,
3274 2900 3330 2943 et
3354 2890 3469 2943 seio

1869 2954 2141 3027 Christum
2167 2958 2235 3011 ab
2263 2956 2466 3025 angelis
2482 2954 2704 3010 adorari
2726 2974 2740 3009 :
2768 2965 2823 3010 et
2840 2956 2943 3011 hoc
2961 2954 3176 3027 quidem
3206 2954 3274 3013 ad
3296 2958 3468 3016 deita-

1872 3033 1979 3079 tem
2006 3023 2184 3079 refero
2203 3066 2219 3090 ,
2263 3023 2389 3082 illud
2418 3042 2546 3081 vero
2569 3028 2788 3096 assigno
2814 3023 3150 3082 humanitati.
3180 3027 3468 3097 PrOpterea

1874 3110 2102 3166 namque
2132 3107 2417 3165 utrumque
2456 3097 2687 3150 diximus
2712 3137 2727 3160 ,
2755 3098 3008 3166 quoniam
3042 3098 3156 3153 scio
3195 3098 3470 3154 Christmu

1871 3167 1939 3221 de
1968 3165 2125 3237 Maria
2142 3176 2354 3237 natum,
2381 3178 2437 3221 et
2459 3167 2573 3222 scio
2601 3165 2893 3230 Christum,
2922 3168 3014 3237 qui
3042 3177 3127 3222 est
3150 3177 3275 3225 ante
3302 3185 3473 3225 szeeu-

1874 3238 1943 3292 la.
1976 3234 2350 3307 Gloriticemus
2375 3252 2504 3307 ergo
2539 3237 2809 3291 Christum
2837 3234 3022 3292 Jesum
3070 3254 3282 3294 murum
3325 3241 3478 3296 inex-

1878 3306 2239 3377 pugnabilem,
2270 3306 2699 3374 fundamentum,
2728 3308 2870 3378 quod
2904 3323 3064 3378 supra
3094 3320 3298 3378 petram
3343 3310 3471 3366 fun-

1872 3379 2056 3433 datum
2095 3385 2199 3433 est.
2249 3378 2385 3432 Dicit
2418 3378 2533 3446 ipse
2570 3378 2759 3442 Petro,
2801 3378 2877 3433 Tu
2913 3394 2965 3432 es
2996 3377 3181 3435 Petrus
3202 3422 3219 3447 ,
3248 3390 3295 3434 et
3322 3397 3476 3447 super

1875 3450 2006 3503 hanc
2026 3448 2509 3521 petramtedt'ﬁcabo
2529 3447 2823 3521 Ecclesium
2840 3466 3024 3521 meam,
3056 3459 3104 3505 et
3125 3460 3287 3521 portae
3315 3447 3470 3521 inferi

1875 3536 1975 3574 non
2004 3518 2344 3588 praecutiunt
2372 3520 2612 3573 adversus
2630 3535 2741 3572 eam
2772 3519 2984 3588 (Matth.
3016 3521 3103 3575 16.
3126 3518 3249 3588 ⁷18).
3274 3518 3477 3581 Simili-

1878 3599 1961 3646 ter
1983 3599 2161 3643 autem
2188 3598 2245 3643 et
2278 3589 2471 3643 Paulus
2498 3588 2629 3643 dicit
2650 3630 2665 3652 ,
2710 3588 3129 3647 Fundamentum
3154 3593 3301 3648 aliud
3323 3608 3471 3648 nemo

1878 3670 2040 3731 potest
2061 3676 2273 3728 ponere,
2306 3671 2488 3729 praeter
2512 3660 2568 3727 id
2590 3660 2728 3731 quod
2754 3662 2971 3729 positum
3001 3671 3096 3731 est,
3127 3664 3265 3731 quod
3283 3673 3355 3729 est
3380 3663 3474 3718 Je-

1876 3749 1963 3787 sus
1981 3731 2212 3785 Christus
2239 3731 2256 3798 (
2288 3731 2494 3802 LVCor.
2528 3731 2580 3802 5.
2626 3732 2681 3785 ll
2722 3733 2758 3799 ).
2801 3731 2950 3802 Rogo
2979 3748 3109 3802 ergo
3139 3748 3235 3789 vos
3266 3743 3325 3788 ut
3350 3750 3473 3797 cum

1877 3803 2022 3855 omni
2050 3801 2459 3856 mansuetudine
2490 3800 2645 3855 nobis
2676 3811 2861 3865 mutuo
2888 3800 3242 3866 attendamus,
3265 3803 3399 3859 Nam
3423 3807 3476 3865 iu

1881 3873 1979 3927 hac
2007 3872 2223 3940 quidem
2247 3872 2353 3925 vita
2385 3886 2509 3927 esca
2546 3881 2601 3925 et
2622 3883 2747 3941 potu
2777 3915 2792 3938 ,
2839 3882 2895 3932 et
2929 3874 3088 3928 variis
3114 3874 3478 3943 voluptatibus

1880 3943 2299 4015 inescamurﬂn
2344 3942 2520 4015 futura
2560 3957 2691 4015 vero
2722 3943 2981 4015 judicium
3027 3956 3082 3998 et
3126 3942 3471 4015 supplicitnn.

1879 4014 1956 4069 Ne
1985 4013 2143 4084 igitur
2166 4013 2341 4067 locum
2376 4013 2567 4070 demus
2592 4013 2825 4075 diabolo.
2862 4012 2993 4075 .Non
3037 4014 3173 4072 enim
3195 4012 3285 4069 est
3332 4016 3477 4071 nobis

1880 4084 2169 4140 colluctatio
2196 4085 2437 4139 adversus
2464 4100 2668 4142 carnem
2693 4094 2739 4137 et
2761 4086 3089 4156 sanguinem,
3113 4086 3205 4141 sed
3229 4086 3475 4145 adversus

1881 4156 2214 4225 principatus,
2249 4156 2489 4215 adversus
2515 4164 2785 4225 potestates
2802 4197 2817 4222 ,
2849 4158 3094 4212 adversus
3116 4157 3295 4217 mundi
3314 4167 3479 4217 recto-

1883 4224 1968 4281 res
1994 4224 2312 4284 tenebrarum
2331 4227 2505 4280 sa’culi
2522 4224 2908 4297 ImjustEpItes,
2928 4227 2996 4297 κβ.
3019 4226 3131 4297 12).
3163 4228 3482 4284 Studeamus

1883 4299 2049 4369 igitur
2072 4306 2327 4369 mternatn
2367 4311 2580 4369 ptenattt
2627 4295 2884 4365 effugere.
2915 4295 3031 4353 Non
3075 4295 3218 4369 enim
3266 4312 3479 4367 pinnam

1882 4367 2160 4430 constituit
2176 4369 2334 4433 Deus,
2361 4378 2416 4420 ιιι
2448 4367 2502 4423 in
2530 4381 2648 4425 eam
2670 4368 2976 4431 mittamur;
3011 4368 3106 4423 sed
3130 4376 3187 4426 ut
3216 4377 3266 4422 te
3286 4370 3339 4422 in
3360 4384 3481 4422 eam

1886 4439 2192 4508 prolapsum
2230 4438 2455 4506 eripiat:
2482 4437 2640 4491 talem
2670 4437 2813 4508 enim
2849 4439 3175 4493 clementem
3219 4438 3482 4493 habemus

1888 4507 2052 4563 Deum
2086 4548 2101 4573 ,
2146 4524 2213 4579 ac
2243 4508 2666 4563 mist-.ricordem.
2698 4507 3039 4566 Testiﬁcatur
3058 4524 3288 4579 namque
3316 4509 3482 4563 David

1885 4580 2090 4639 dicens.
2128 4578 2265 4631 Deus
2283 4579 2450 4646 judea:
2468 4580 2661 4647 justus,
2691 4579 2944 4648 etifortis,
2980 4588 3027 4633 et
3049 4578 3280 4648 patiens,
3307 4589 3353 4632 et
3378 4597 3483 4634 non

1886 4653 2037 4719 infert
2064 4649 2193 4701 iram
2220 4666 2308 4717 per
2332 4648 2557 4717 singulos
2577 4648 2703 4705 dies.
2739 4647 2860 4703 Nisi
2878 4647 3106 4719 conversi
3132 4650 3347 4719 fueritis,
3372 4650 3486 4718 gla-

1887 4718 2026 4779 dium
2050 4736 2198 4779 suum
2240 4719 2485 4779 vibrabit;
2512 4734 2691 4771 arcum
2722 4735 2871 4774 suum
2904 4718 3113 4789 tetendit
3135 4718 3159 4785 7,
3200 4728 3248 4773 et
3287 4722 3486 4789 paravit

1889 4792 2055 4855 illum,
2086 4791 2202 4843 etin
2227 4806 2284 4845 eo
2314 4789 2509 4857 paravit
2530 4791 2858 4860 casamortis
2885 4788 2915 4860 (ί
2934 4788 3080 4845 Psal.
3107 4790 3158 4842 7.
3191 4790 3258 4844 12
3287 4788 3326 4860 ).
3356 4790 3483 4844 Ihec

1888 4862 2014 4917 dicit
2046 4864 2203 4924 Deus,
2240 4874 2342 4912 non
2375 4870 2431 4912 ut
2450 4874 2546 4913 nos
2571 4858 2799 4926 iudicet,
2825 4858 2919 4913 sed
2948 4874 3015 4913 ne
3044 4860 3259 4915 desides
3286 4858 3475 4913 simus.

1891 4933 1945 4987 Si
1964 4931 2105 4988 enim
2134 4946 2231 4985 nos
2261 4931 2486 4999 perdere
2520 4930 2774 5000 voluisset
2802 4969 2830 5000 ,7
2856 4946 2963 4983 non
2994 4932 3177 4998 utique
3202 4932 3475 5000 proprium

1894 5018 1990 5072 pro
2019 5001 2170 5056 nobis
2198 5001 2509 5072 sanguinem
2543 4999 2784 5053 fudisset.
2816 4999 3039 5072 Mortem
3070 5002 3227 5069 igitur
3251 4999 3400 5065 obiit,
3433 5010 3491 5053 ut

1895 5070 1947 5127 ie
1979 5072 2377 5126 immortalitate
2402 5070 2626 5124 donaret
2650 5085 2664 5123 :
2695 5071 2903 5136 esuriit,
2936 5080 2997 5124 ut
3022 5081 3071 5123 te
3091 5086 3186 5126 sua
3209 5084 3371 5126 carne
3400 5087 3488 5125 sa-.

1897 5144 2047 5197 tiaret
2081 5158 2095 5197 :
2125 5143 2288 5196 sitivit
2309 5181 2325 5204 ,
2360 5149 2416 5193 ut
2445 5152 2495 5193 te
2518 5140 2733 5208 proprio
2754 5140 3012 5210 sanguine
3041 5149 3281 5209 potaret:
3312 5142 3365 5210 in
3393 5157 3488 5194 na-

1894 5216 1945 5267 vi
1971 5212 2234 5275 eonsedit,
2264 5221 2321 5266 ut
2350 5220 2399 5263 te
2424 5224 2584 5278 supra
2618 5209 2909 5269 Cherubim
2932 5211 3219 5266 collocaret
3240 5227 3260 5267 :
3310 5209 3492 5279 bapti-

1896 5290 2236 5350 zatusest,at
2267 5292 2317 5336 te
2339 5280 2698 5336 illutninaret:
2729 5282 2899 5350 alapis
2919 5296 3091 5336 caesus
3110 5290 3194 5336 est
3217 5322 3233 5348 ,
3261 5290 3319 5334 ut
3349 5290 3400 5334 te
3430 5284 3483 5333 in

1901 5355 2203 5409 libertatem
2251 5352 2548 5409 vindicaret
2575 5367 2589 5403 :
2623 5352 2792 5405 viator
2831 5352 3003 5407 factus
3032 5363 3115 5406 ρει
3135 5392 3151 5416 ,
3184 5362 3240 5406 ιιι
3269 5359 3322 5406 te
3346 5351 3497 5415 omni

1901 5426 2085 5479 labore
2114 5423 2404 5478 liberaret:
2430 5422 2716 5491 navigavit,
2749 5432 2806 5474 ιιι
2836 5422 2928 5475 tibi
2958 5433 3161 5477 metum
3196 5423 3492 5477 eximeret:

1900 5495 2169 5554 dormivit,
2200 5503 2257 5547 ut
2283 5508 2496 5547 omnem
2521 5506 2549 5545 a
2582 5502 2633 5547 te
2657 5506 2841 5546 curam
2869 5492 3139 5562 abigeret:
3174 5508 3243 5548 ex
3264 5493 3489 5545 muliere

1903 5565 2117 5634 prodiit,
2149 5573 2204 5617 ιιι
2234 5562 2672 5634 transgressionis
2698 5562 2824 5615 Eva)
2852 5563 2902 5615 in
2936 5562 3182 5628 paradiso
3209 5562 3495 5634 πήξει-αεσξη

1905 5629 1990 5690 tur
2014 5650 2029 5687 :
2061 5635 2222 5703 homo
2250 5629 2545 5703 appellatus
2574 5641 2657 5685 est
2685 5670 2701 5696 ,
2745 5642 2802 5685 ut
2830 5643 2898 5703 te_
2921 5636 3077 5703 deum
3109 5642 3323 5703 vocaret
3349 5629 3488 5703 :_Fi_-

1907 5706 2009 5760 lius
2036 5700 2268 5759 hominis
2287 5699 2467 5757 dictus
2494 5709 2597 5767 est,
2630 5710 2689 5755 ut
2714 5710 2766 5755 te
2794 5703 2845 5754 in
2874 5701 3038 5755 lilium
3062 5701 3344 5765 adoptaret
3373 5699 3495 5761 Dei:

1910 5776 2117 5853 accepit
2146 5789 2265 5852 qua:
2296 5782 2477 5832 nostra
2499 5780 2673 5842 erant,
2706 5780 2759 5827 et
2795 5772 2942 5833 dedit
2985 5773 3137 5834 nobis
3160 5787 3294 5839 sua;
3322 5769 3496 5836 oravit
